2864 4876
614 356 821 423 *61*

90 539 125 602 Π
150 537 170 601 3
192 529 247 600 καὶ
269 533 440 620 ἑύαύρασώ
462 553 500 619 γε
517 533 578 619 ἔφη
592 533 688 597 αὐτὸν
743 530 800 594 καί
823 520 994 615 {dedoceri
1017 548 1055 614 χε
1078 527 1138 614 ἔφη
1164 529 1261 593 αὐτὸν
1283 548 1341 592 πο-

138 639 363 726 πολυχρονιώτ
399 658 492 703 οοιον
504 636 613 701 πολλὰ
626 639 689 723 γὰρ
788 635 845 701 λὺν
876 634 993 720 χρόνον
1020 633 1173 717 νεώτερος
1207 636 1269 718 γὰρ
1298 633 1341 696 ὢν

136 746 195 809 καὶ
217 743 377 808 σπουδαῖα
399 740 559 827 διελέγετο
582 738 617 812 Α
743 755 746 759 ’
785 737 893 803 πολλὰ
901 738 956 803 καί
969 737 1128 802 σπουδαῖα
1137 733 1342 823 διελέγετον

81 1062 90 1072 ’
199 1057 413 1122 Vocabulum
446 1055 510 1138 γὰρ
544 1057 777 1136 transpositum
811 1073 883 1118 esse
916 1055 1095 1118 alibrario
1117 1055 1250 1139 aliquo,
1284 1058 1343 1138 qui

94 1161 262 1226 vocabula
280 1157 433 1242 νεώτερος
458 1158 501 1222 ών
525 1157 752 1240 coniungenda
775 1177 847 1222 esse
869 1160 995 1222 censuit
1017 1177 1092 1222 cum
1116 1159 1219 1222 verbo
1242 1156 1341 1223 διελέ-

92 1283 188 1349 γετο,
219 1266 429 1328 manilestum
464 1267 520 1327 est.
565 1261 744 1345 Quaeritur
765 1269 892 1341 autem,
926 1262 1006 1346 quid
1039 1279 1099 1344 pro
1122 1259 1342 1346 πολυχρονιώ-

93 1387 187 1452 τερος
210 1369 281 1431 siva
303 1363 629 1450 πολυχρονιώτατος,
664 1366 751 1447 quod
774 1368 807 1428 in
831 1362 864 1432 A
895 1364 1023 1429 videtur
1051 1367 1209 1447 scriptum
1232 1368 1342 1449 luisse,

95 1474 153 1536 vel
174 1469 278 1535 πολύν
301 1469 418 1555 χρόνον
441 1467 612 1551 νεώτερος,
646 1469 735 1550 qnod
759 1466 793 1537 V
814 1472 933 1554 habet,
966 1472 999 1533 in
1028 1471 1199 1552 utriusque
1230 1471 1342 1535 codice

95 1578 279 1658 archetypo
303 1576 466 1638 exstitisse
488 1579 659 1654 putemus,
698 1591 771 1635 cum
805 1592 867 1637 nec
900 1573 1022 1637 codicis
1046 1569 1080 1639 A
1110 1576 1272 1655 scripture
1301 1579 1343 1641 sit

95 1682 232 1762 integra.
265 1672 439 1743 Facillime
461 1682 541 1740 'sene
561 1679 734 1759 utriusque
757 1679 878 1741 codicls
900 1680 1062 1760 scriptura
1081 1684 1155 1742 orta
1178 1684 1227 1740 est
1250 1699 1342 1744 avo·

97 1784 225 1849 sabulis
248 1780 463 1865 πολυχρόνιον
487 1778 640 1864 νεώτερος
664 1780 728 1863 ών,
761 1784 790 1845 si
822 1783 958 1865 quidem
991 1785 1025 1845 in
1048 1780 1082 1850 A
1117 1785 1241 1846 exstitit
1263 1785 1342 1848 olim

97 1882 408 1971 πολυχρονιώτερος.
455 1887 489 1950 Si
511 1890 624 1948 autem
647 1882 957 1969 πολυχρονιώτατος,
979 1894 1094 1952 natum
1118 1908 1190 1952 esse
1212 1888 1343 1953 videtur·

97 1992 309 2055 evocabulis
332 1987 633 2075 πολυχρονιώτατον
656 1985 810 2072 νεώτερος
833 1991 887 2053 vel
910 1987 981 2067 νέος
1004 1990 1047 2056 ov
1076 1993 1130 2056 vel
1154 2013 1172 2056 e
1200 1997 1342 2058 vocabu·
1401 1985 1403 1990 ’

97 2096 138 2158 lis
160 2092 377 2178 πολυχρόνιον
390 2091 556 2168 νεώτατος
580 2091 638 2171 dm
662 2095 822 2176 equibus
846 2096 1011 2177 quomodo
1035 2101 1188 2178 corrupta
1210 2100 1273 2174 sint
1288 2118 1342 2162 vo-

98 2200 220 2264 cabula
241 2195 344 2261 πολὺν
369 2197 485 2283 χρύνον
509 2194 673 2279 νεώτερος,
696 2216 760 2261 non
783 2199 902 2282 liquet3
940 2218 1052 2284 quare,
1074 2202 1102 2264 si
1124 2221 1161 2264 rc
1183 2221 1265 2264 vcra
1285 2222 1342 2264 πο-

100 2300 356 2387 λυχρονιώτατος
387 2304 514 2367 exstitit
547 2303 581 2364 in
604 2297 658 2380 A,
694 2303 753 2365 illa
774 2304 938 2366 voeabula
960 2323 1040 2368 casu
1062 2305 1174 2387 aliquo
1197 2305 1344 2369 diflicilia

99 2408 201 2470 fuisse
224 2407 311 2470 lectu
333 2406 543 2470 statuendum
568 2411 600 2469 et
623 2425 710 2490 eum,
732 2407 789 2488 qui
812 2406 968 2485 codicem,
1002 2409 1093 2471 cuius
1106 2411 1343 2491 apographum

99 2515 150 2574 est
171 2505 215 2588 Α,
251 2497 411 2593 exaravit,
444 2510 622 2592 scripsisse,
656 2528 744 2592 quae
765 2514 942 2591 potuerunt
963 2512 1039 2593 legi,
1074 2530 1150 2575 cum
1171 2517 1295 2598 autem,
1324 2533 1344 2578 e

98 2609 743 2696 cuiusexemplariVt‘ransscriptusest,
767 2614 979 2690 coniectando
990 2614 1153 2680 studuisse
1165 2617 1343 2681 emendare

96 2719 217 2782 locum.
248 2719 299 2781 Ex
311 2719 381 2799 ipso
404 2719 477 2782 loco
499 2719 527 2780 si
549 2718 749 2802 quaerimus,
772 2737 859 2801 quaa
872 2720 1039 2800 scripserit
1049 2724 1171 2798 auctor,
1196 2722 1344 2785 maxime

96 2841 178 2886 sane
200 2822 330 2904 placant
351 2821 514 2884 vocabula
536 2817 838 2904 πολυχρονιώτατον
861 2819 931 2898 νέος
955 2821 1009 2904 ών,
1032 2841 1238 2906 quamquam
1264 2826 1340 2888 laci·

97 2927 165 2989 lius
181 2930 287 3008 potest
302 2926 461 3006 explicari
476 2926 639 3006 scriptura
660 2921 1044 3009 πολυχρύνιοννεώτερυς
1067 2925 1122 3008 ών,
1145 2946 1247 3010 quam
1270 2946 1344 2992 con·
1369 2938 1370 2941 ’

97 3031 228 3094 iectura
250 3035 418 3092 assecutus
440 3033 489 3093 est
511 3029 550 3092 Η.
573 3030 705 3110 Sauppe
734 3031 779 3110 (p.
804 3031 890 3109 772).
944 3028 1029 3094 Cum
1050 3032 1153 3112 igitur
1174 3032 1208 3095 in
1231 3031 1344 3096 codice

97 3131 135 3200 A
167 3151 232 3197 non
265 3134 428 3197 exstitisse
455 3122 656 3197 vocabulum
678 3129 977 3217 πολυχρονιώτερος
999 3153 1066 3199 non·
1085 3137 1186 3218 possit
1205 3137 1345 3222 ostendi,

97 3241 133 3302 in
174 3237 287 3302 codice
320 3238 513 3320 archetypo·
540 3238 641 3301 luisse
674 3241 831 3319 scriptum
864 3235 1081 3322 πολυχρόνιον
1113 3223 1266 3324 νεώτερος
1300 3239 1343 3303 ὢν

97 3343 202 3405 sotius
225 3346 272 3404 est
296 3346 421 3422 putare.
463 3342 515 3404 lta
536 3346 648 3405 autem
671 3343 699 3404 si
721 3360 902 3427 censemus,
924 3363 985 3406 nee
1007 3344 1153 3408 codicem
1177 3342 1213 3414 A
1234 3340 1344 3411 necV

97 3464 219 3509 verum
241 3447 303 3536 hoc
323 3446 398 3510 loco
420 3463 579 3524 servasse,
602 3445 660 3509 sed
684 3463 704 3508 e
725 3451 917 3528 comparata
929 3449 1101 3531 utriusque
1111 3449 1233 3514 codicis
1245 3450 1345 3531 scrip·

98 3557 177 3614 tura
198 3550 349 3632 cognosci
370 3555 518 3631 apparet.

204 3706 252 3771 IV
274 3707 303 3771 3.
348 3703 366 3768 d
396 3703 431 3769 δὲ
463 3703 566 3791 γέρών
582 3705 619 3790 7ὁ
644 3707 709 3771 ἄνω
734 3680 876 3793 ἑστηκώς
906 3707 991 3794 ἔχων
1014 3708 1136 3804 χύρτην
1158 3711 1227 3775 τινὰ
1250 3709 1283 3775 ἐν
1306 3719 1344 3796 τῆ

100 3807 184 3895 χειρὶ
213 3807 268 3870 καὶ
298 3817 336 3894 τῆ
368 3807 465 3893 ἑτέρα1
483 3809 591 3894 ὥσπερ
614 3809 766 3876 δεικνύων
789 3832 817 3875 τι
840 3813 932 3889 ούτος
957 3810 1076 3898 δαίμων
1099 3811 1246 3882 καλεῖται
1268 3835 1345 3906 προ-

101 3912 226 3977 στάττει
240 3911 275 3975 δὲ
293 3920 358 3990 τοῖς
382 3912 656 3998 εἰσπορευομένοις
678 3912 707 3977 τύ
730 3913 779 3978 δεῖ
800 3915 916 3992 αύτούς
939 3925 1040 3982 ποιεῖν
1065 3916 1108 3994 ὡς
1132 3917 1169 3982 ἂν
1194 3916 1345 3983 εἰσέλθοι-

101 4037 150 4081 σιν
174 4015 217 4094 εἰς
239 4016 294 4080 τὸν
317 4013 384 4102 βίον
406 4016 463 4092 καὶ
486 4015 621 4082 δεικνύει
643 4013 739 4082 ποίαν
763 4016 837 4082 ὁδὸν
862 4020 977 4096 αύτούς
1002 4018 1052 4083 δεῖ
1071 4019 1210 4106 βαδίζειν
1234 4021 1261 4083 εἰ
1285 4020 1345 4091 σώ-

100 4119 217 4228 ζεσθαι
240 4116 410 4205 μέλλουσιν
433 4120 467 4186 ἐν
490 4129 534 4186 τώ
556 4120 614 4209 βύω
638 4119 681 4190 V.
808 4192 811 4196 ,

207 4275 336 4342 Codicis
358 4274 392 4344 V
413 4272 611 4362 scripturam
631 4281 737 4344 solam
759 4282 788 4344 si
809 4287 954 4365 spectas,
985 4283 1196 4346 manifestum
1218 4283 1278 4348 tibi
1300 4285 1346 4346 vl·

100 4380 191 4446 deris
214 4381 461 4463 deprehendere
483 4385 662 4470 glossema,
684 4385 885 4449 vocabulum
907 4382 1043 4448 δεικνύει
1065 4385 1344 4469 discrepantum

101 4504 147 4550 ex
169 4486 376 4550 antecedenti
398 4485 559 4568 δεικνύων,
590 4490 638 4552 ita
659 4494 696 4552 ut
717 4487 928 4553 scribendum
951 4507 1025 4554 esse
1046 4489 1136 4553 dicas
1158 4487 1346 4575 προστάττει
