2864 4876
536 454 539 461 Ι
616 345 835 422 ,ιω-’.ι

100 523 270 616 tamquam
293 521 435 616 glossam
459 533 659 598 vocabulum
682 528 879 616 ἀπόλαωσιν,
913 548 979 614 qno
1011 532 1045 593 in
1067 532 1140 612 ipsa
1162 518 1267 595 vertis
1289 547 1339 593 re·

100 642 208 719 cepto¹
238 638 401 702 vocabula
446 635 592 722 μέγιστον
617 635 778 722 ’ἀγαθὸν-
799 636 1087 701 commutabantur
1119 636 1153 698 in
1183 631 1357 720 μεγίστων

101 741 235 826 ἀγαθῶν
259 746 359 824 atque
380 742 565 806 arldebatur
586 743 749 824 particula
770 739 835 804 καί.

204 847 247 909 Iis
270 850 444 927 praeterea
464 844 584 929 locis¹J,
607 845 664 910 ubi
686 845 791 910 verba
812 845 940 910 codices
962 844 1141 910 deteriores
1157 861 1271 910 omnes
1287 841 1342 906 vel

99 950 273 1033 plerosque
295 947 454 1015 exhibere
476 953 637 1031 corrupta
651 954 807 1032 apparet,
840 951 978 1014 minime
1011 950 1133 1014 recedit
1164 950 1208 1013 ab
1230 948 1269 1012 iis
1295 943 1341 1030 M,

99 1054 150 1115 ita
173 1057 208 1116 ut
241 1055 372 1116 iamin
405 1055 576 1137 utriusque
605 1055 735 1136 generis
757 1054 870 1118 codice
893 1056 1073 1136 archetypo
1095 1054 1258 1118 exstitisse
1280 1053 1342 1116 iiia

100 1156 220 1220 menda
253 1156 400 1238 putanda
431 1159 515 1235 sint,
548 1159 576 1219 si
609 1156 744 1240 quidem
779 1164 798 1222 e
830 1159 977 1223 melioris
999 1159 1128 1240 generis
1151 1156 1264 1220 codice
1285 1172 1343 1220 cx·

100 1255 226 1340 scripsit
251 1256 457 1324 Meibomius.
512 1261 641 1344 Quibus
664 1263 749 1326 atius
771 1263 873 1325 etiam
895 1260 1021 1326 accedit
1042 1263 1152 1339 locus,
1185 1261 1243 1324 ubi
1276 1264 1343 1325 uno

101 1364 235 1446 quidem
258 1366 420 1430 vocabulo
443 1366 540 1430 distat
562 1362 599 1433 M
622 1386 643 1431 a
664 1367 821 1450 reliquis:
852 1367 966 1431 XXIV
990 1367 1009 1428 2
1037 1363 1233 1428 δεικνύουσιν
1255 1363 1344 1427 αὐτῶ

100 1456 174 1543 τοὺς
197 1459 308 1544 κακῶς
321 1467 415 1542 'tinet
436 1467 488 1547 KJ
519 1459 733 1558 διατρίβοντας
756 1469 799 1547 ὡς
822 1475 933 1545 κακῶς
955 1469 1117 1554 (εἰκῆ)
1064 1467 1121 1546 MJ‘
1150 1451 1345 1555 διατρίβουσι

101 1572 180 1649 (οων.
199 1568 251 1652 K)
273 1572 329 1634 καὶ
351 1571 472 1651 ἀθλιῶς
494 1575 583 1658 ζῶσι,
604 1575 663 1640 sed
686 1595 747 1640 nec
760 1571 931 1641 codicisM
952 1574 1146 1656 scripturam
1170 1592 1242 1636 esse
1262 1575 1346 1636 inte-

101 1695 196 1756 gram
219 1696 316 1741 nemo
339 1682 397 1763 est,
419 1681 498 1761 quin
513 1680 640 1744 videat.
680 1677 736 1744 Eo
752 1683 865 1774 autem
886 1682 968 1763 loco,
990 1697 1057 1761 quo
1078 1679 1149 1742 solo
1171 1678 1346 1765 manifeste

101 1773 216 1843 ueram
239 1775 384 1846 servavit
405 1785 601 1866 scripturam
616 1767 661 1863 M,
684 1768 841 1848 consentit
816 1806 938 1848 reum
962 1779 1060 1861 eoV,
1082 1784 1129 1846 ite
1150 1785 1186 1844 ut
1208 1799 1272 1845 non
1295 1782 1349 1859 sit,

103 1903 170 1947 cnr
198 1905 217 1948 e
256 1886 401 1950 melioris
438 1890 567 1970 generis
606 1889 789 1970 exemplari
828 1907 904 1953 eam
943 1906 1015 1951 esse
1048 1879 1200 1950 haustam
1233 1884 1348 1961 dicas3

101 1987 258 2054 xxvnr
283 1991 371 2053 euim
393 1992 549 2056 aberrans
571 1994 726 2057 librarius
748 1993 884 2075 qnidam
908 2012 928 2055 a
950 1991 1120 2056 vocabulis
1143 1987 1173 2053 oi
1196 1987 1232 2052 δὲ
1252 1988 1345 2051 ἀστε-

101 2090 240 2175 φάνωτοι
263 2095 305 2157 ad
318 2095 449 2159 eadem
471 2098 642 2175 vocabula,
676 2116 764 2180 qnae
787 2099 820 2160 in
843 2116 870 2163 c.
892 2096 1023 2161 XXVII
1044 2097 1064 2160 3
1087 2098 1250 2178 leguntur,
1284 2111 1358 2174 pro·

103 2189 132 2259 ot
154 2194 190 2258 δὲ
212 2196 428 2280 ἀστεφάνωτοι
451 2196 553 2283 λύπης
575 2199 631 2262 καὶ
652 2208 796 2285 ταραχῆς
830 2202 958 2283 scripsit
991 2198 1021 2262 ot
1055 2197 1090 2261 δὲ
1128 2195 1348 2280 ἀστεφάνωτοι

102 2299 131 2363 οἱ
155 2301 210 2384 μὲν
234 2301 485 2386 ἀπιγνωσμὲνοι;
504 2305 569 2368 σοι]
593 2306 721 2387 cognito
743 2307 853 2368 statim
876 2322 988 2368 errore
1011 2304 1141 2367 videtur
1163 2305 1252 2366 recte
1273 2321 1348 2383 pere

103 2407 227 2469 rexisse
249 2407 385 2488 quidem
407 2409 577 2472 vocabulis
598 2408 654 2470 καί
675 2410 731 2484 τὰς
753 2407 877 2493 κνήμας
900 2429 931 2471 κ.
945 2428 971 2470 τ.
985 2404 1026 2489 λ.,
1049 2406 1212 2471 vocabula
1232 2404 1345 2490 οἱμὲν

103 2507 340 2594 ἀπεγνωσμένα
363 2516 475 2575 autem
498 2531 561 2577 non
585 2513 757 2597 delevisse,
779 2515 849 2576 sive
870 2532 971 2595 supra
993 2530 1035 2576 ea
1056 2514 1127 2575 sive
1148 2510 1349 2592 inmergine

102 2617 252 2696 apposuit
273 2634 388 2680 veram
410 2618 606 2698 scripturam
629 2614 732 2702 λύπης
755 2616 811 2679 καὶ
832 2624 989 2701 ταραχῆςς
1012 2617 1071 2699 qui
1092 2616 1191 2696 igitur
1214 2631 1258 2678 ex
1283 2615 1349 2678 hoc

103 2718 215 2783 codice
226 2722 513 2803 transscripserunt
524 2740 608 2799 suos,
632 2723 681 2784 his
694 2723 864 2786 vocabulis
879 2721 1036 2803 neglectis
1059 2739 1099 2784 ea
1120 2720 1192 2783 sola
1213 2735 1350 2800 recape-

101 2827 196 2900 ruut,
231 2826 372 2906 quaein
395 2827 465 2906 ipso
489 2844 586 2889 versu
610 2831 703 2890 erant
725 2830 882 2903 exarata,
923 2845 944 2889 a
966 2823 1200 2906 posterioribus
1214 2825 1347 2908 autem,

103 2947 178 2990 cum
201 2929 390 2993 viderentur
413 2948 485 2993 esse
506 2934 692 3012 corrupta,
713 2930 1018 3007 commutabantur,
1052 2935 1088 2991 ut
1115 2935 1216 3010 supra
1237 2927 1349 2990 retuli.

207 3032 350 3110 Accedit,
373 3033 460 3115 quod
484 3034 666 3114 scripturae
688 3034 927 3115 discrepantiae
949 3033 991 3097 ad
1014 3033 1229 3114 posteriorem
1241 3030 1350 3094 libelli

103 3140 232 3216 partem
255 3139 436 3217 spectantes
459 3142 613 3220 quattuor
636 3141 762 3200 tantum
785 3138 979 3218 paginarum
1003 3137 1109 3217 spatio
1132 3134 1351 3198 inMeibomii

104 3240 247 3303 editione
269 3242 492 3319 continentur,
526 3261 622 3325 oum,
657 3261 745 3323 quae
760 3275 762 3280 π
775 3239 818 3304 ed
840 3242 984 3322 priorem
1006 3242 1187 3323 pertinent,
1219 3241 1351 3320 septeni

103 3345 270 3426 impleant,
293 3344 391 3429 quod,
414 3347 474 3408 etsi
498 3346 609 3427 paullo
632 3346 738 3409 minor
762 3349 811 3407 est
833 3346 939 3408 altera
960 3364 1037 3426 pars
1062 3344 1178 3425 priore,
1199 3344 1271 3405 iure
1288 3343 1351 3405 mi-

103 3450 195 3512 reris.
242 3449 344 3525 Adde,
380 3436 468 3532 quod
491 3451 525 3512 iu
547 3449 663 3513 iisdem
688 3450 807 3527 verbiS,
840 3451 874 3512 in
897 3449 1017 3532 quibus
1041 3443 1117 3529 GK,
1140 3446 1269 3509 videtur
1294 3446 1351 3509 de-

105 3554 200 3672 siisse
221 3551 276 3630 M;
300 3554 453 3617 mutilum
476 3555 576 3635 igitur
599 3572 675 3616 eum
698 3554 798 3617 fuisse
820 3554 852 3615 in
876 3554 940 3616 fine
961 3558 1115 3634 putemus
1138 3552 1275 3632 oportet.

171 3658 434 3741 Quaecunque
456 3658 511 3720 hie
533 3658 671 3737 exposui
693 3657 721 3719 si
743 3661 943 3741 reputamus,
977 3674 1109 3738 prorsus
1130 3655 1225 3718 aliter
1253 3655 1352 3718 nobis

103 3762 308 3825 sentiendum
333 3760 375 3825 de
397 3761 509 3825 codice
530 3760 720 3842 Meibomii,
752 3764 853 3843 atque
887 3758 996 3824 adhuc
1028 3761 1174 3880 fecerunt
1193 3748 1351 3823 homines

106 3845 202 3928 docti.
249 3866 291 3933 Ut
280 3866 428 3947 tpaucis
451 3861 744 3947 comprehendam:
1325 3919 1327 3923 ,

224 3970 247 4032 Ι.
282 3968 438 4034 (λιιΙίοθω
461 3965 488 4035 0
510 3967 700 4034 adhibuisse
722 3969 957 4051 Meibomium,
989 3968 1061 4031 sive
1092 3967 1165 4049 quis
1188 3967 1273 4044 alius
1296 3986 1352 4030 ex-

278 4074 395 4155 cerpsit
417 4073 567 4137 codicum
589 4075 776 4160 scripturas,
799 4076 932 4136 constat.

210 4422 230 4479 ¹J
262 4417 362 4469 XXXV
383 4417 399 4470 3
420 4423 459 4472 ὅτι
477 4422 504 4471 ἐν
523 4427 558 4486 τῷ
577 4423 669 4485 πρώτῳ
688 4422 824 4486 περιβόλῳ.
866 4383 969 4469 XXXV
989 4419 1005 4468 5
1024 4422 1070 4471 ὲάν
1090 4421 1173 4482 οὕτως
1192 4423 1285 4485 ποτῆτα
1304 4371 1353 4473 sict

86 4506 276 4568 lrbrarpc'sspu.
318 4505 444 4556 XXXIX
464 4506 477 4557 1
496 4511 534 4572 ὡς
552 4510 583 4560 οὐ
602 4510 744 4572 πολλάκις.
781 4504 829 4556 XL
846 4505 864 4556 1
881 4511 943 4560 ὅταν
961 4511 1093 4572 τιμῶνται.
1196 4521 1198 4524 ’
1235 4520 1237 4524 ·
1284 4519 1286 4524 ·
