2864 4876
609 359 817 420 ..13-

89 548 167 594 eum
180 533 322 613 amplius
331 534 501 596 nominare
513 531 691 614 supersedi·
706 530 794 612 quod
807 548 849 593 ex
863 529 1004 593 editione
1016 530 1129 611 aliqua
1141 531 1335 611 scripturam

91 637 261 716 vulgatam
284 637 459 723 exhibente
483 655 559 699 eum
582 635 829 714 transscriptum
854 634 1064 696 manifestum
1089 637 1145 696 est.

199 757 370 837 Superest,
404 760 438 817 ut
468 755 510 818 de
541 749 703 820 codiccC
736 773 834 837 quem
857 756 926 835 ipse
950 756 1010 817 hoc
1032 774 1117 818 anno
1142 754 1337 837 Virceburgi

97 861 415 923 excussinounulla
448 860 578 923 addam.
632 860 680 922 Ac
713 861 857 940 primum
892 858 1042 940 quidem,
1077 878 1177 941 quarn
1210 863 1338 923 nonsit

100 959 175 1027 fides
205 964 359 1027 habenda
389 965 557 1045 scripturis
591 981 612 1025 a
636 963 673 1026 G.
696 963 1008 1044 Schweighaeusero
1032 945 1189 1047 enotatis,
1223 964 1337 1047 deure-

103 1063 213 1146 hendi;
247 1085 349 1150 quae·
369 1069 456 1130 euim
491 1086 591 1130 manu
620 1069 844 1131 recentissime
865 1068 910 1130 ibi
935 1071 1062 1130 exstant
1084 1069 1223 1154 scripta,
1257 1073 1337 1131 tam-

107 1180 195 1250 quam
217 1191 319 1234 manu
340 1173 449 1254 prima
471 1175 577 1234 essent
599 1176 753 1255 exarata,
783 1172 816 1233 in
838 1172 973 1254 reliquis
997 1173 1211 1235 enumeravit
1255 1172 1337 1235 Tres

110 1279 206 1338 autem
223 1295 339 1338 manus
357 1275 508 1339 diversae
524 1279 737 1337 correxerunt
753 1277 837 1337 huuc
859 1274 1016 1358 codicem,
1039 1295 1121 1358 quas
1137 1278 1183 1339 ita
1198 1275 1339 1339 'distinxi

114 1378 245 1462 t¹o²c³3
267 1383 300 1442 iu
323 1381 472 1458 margine
493 1380 520 1441 si
543 1379 707 1458 adscripta
730 1383 777 1442 est
795 1379 991 1457 emendatio,
1015 1379 1128 1442 addidi
1150 1380 1293 1444 litteram
1305 1401 1338 1443 m

95 1536 97 1543 ,
116 1503 198 1566 supra
213 1505 345 1548 versum
364 1484 477 1568 (φης
501 1483 609 1546 littera
632 1497 716 1546 cmc
740 1481 901 1559 dubitare,
925 1502 946 1545 a
961 1502 1028 1564 qua
1044 1503 1143 1547 mauu
1159 1486 1200 1547 eit
1216 1502 1339 1548 correc-

116 1590 150 1652 tio
164 1593 313 1670 profecta,
342 1589 544 1676 significavi3
567 1586 684 1651 iisdem
711 1588 744 1649 in
760 1588 895 1668 reliquis
918 1604 1051 1668 quoque
1074 1588 1239 1651 codicibus
1263 1608 1340 1651 usus

117 1711 174 1754 sum
195 1695 284 1756 notis,
324 1726 326 1730 Α
1277 1695 1279 1698 ’

202 1815 250 1877 Ea
272 1805 409 1891 manus,¹
428 1834 529 1896 quam
552 1819 629 1877 uota
651 1815 683 1878 c¹
708 1813 850 1897 distinxi,
877 1814 1027 1894 proxime
1051 1815 1177 1878 accedit
1202 1822 1234 1879 et
1256 1824 1339 1884 atra-

118 1921 201 1981 menti
232 1920 342 1982 colorc
375 1925 407 1982 ct
442 1922 625 1982 litterarum
648 1920 747 1982 ductu
771 1919 810 1980 ad
837 1937 929 1996 eam,
953 1936 1040 1999 quae
1063 1921 1169 2000 ipsum
1194 1923 1338 1986 codicem

119 2021 241 2102 scripsit,
274 2027 321 2086 ita
354 2034 389 2085 ut
412 2023 508 2086 tacite
531 2026 634 2104 possis
657 2023 796 2086 eandem
820 2035 891 2085 esse
915 2022 1044 2106 dicere3
1077 2025 1182 2087 multa
1205 2027 1237 2087 in
1262 2029 1340 2109 ipsis

120 2126 211 2190 vertis
239 2136 272 2191 et
301 2130 334 2191 iu
366 2130 513 2209 margine
546 2127 753 2205 emendavii3
786 2136 960 2207 praeterea
986 2128 1051 2189 alic
1085 2129 1195 2191 colore
1231 2149 1340 2208 mauu,

121 2217 190 2307 quac
203 2234 364 2295 recentior
380 2232 509 2294 videtur
536 2250 615 2316 esse⁷
638 2249 743 2312 pauca
767 2231 833 2292 alia
855 2234 929 2293 s'uut
951 2235 1116 2314 correcta3
1142 2234 1238 2295 tertia
1252 2234 1338 2297 deui-

121 2347 173 2411 que
199 2340 304 2418 eaqu'e
326 2337 551 2398 recentissima
582 2354 699 2397 manus
730 2338 762 2396 et
790 2336 824 2395 in
846 2335 995 2415 margine
1026 2340 1058 2397 et
1088 2355 1187 2417 supra
1210 2357 1338 2400 versum

122 2438 148 2496 ct
165 2437 192 2500 iu
219 2442 296 2521 ipsis
327 2442 437 2502 verbis
467 2440 569 2502 erasis
600 2436 845 2501 emendationes
874 2440 982 2518 posuit
1004 2446 1186 2502 atramento
1208 2459 1341 2521 prorsus

123 2537 240 2606 diuerso,

206 2663 330 2748 Quodsi
367 2669 478 2727 autem
514 2665 564 2744 vir¹
584 2655 799 2726 'clarissimus
837 2663 1030 2743 Woelfflin¹)
1082 2664 1214 2728 saeculo
1252 2668 1340 2732 XVI.

120 2774 303 2832 exeunte
340 2775 514 2832 exaratum
550 2769 790 2859 computavit,
824 2769 905 2829 mitri
928 2768 1062 2850 quidem
1085 2788 1149 2832 non
1171 2751 1342 2851 persuaait.

118 2870 201 2955 Quod
229 2875 290 2936 etsi
320 2873 362 2936 ad
391 2873 596 2953 Polyaenum
628 2872 736 2933 solum
759 2875 897 2955 spectat,
928 2859 1035 2935 obstat
1057 2879 1166 2938 tanreu
1189 2876 1342 2960 primum,

114 2977 244 3062 quadiu
267 2979 345 3040 solio
368 2978 398 3039 A
421 2977 557 3059 reliquis
580 2976 727 3055 praefixo
751 2993 850 3036 mann
881 2977 1016 3039 sortasse
1039 2978 1128 3061 eius,
1166 2979 1222 3061 qui
1245 2981 1342 3043 *huuc

111 3081 246 3148 codicem
269 3082 439 3162 descripsit
461 3082 493 3142 iu
516 3084 576 3143 cat.
599 3081 677 3143 bibl.
706 3097 772 3160 reg.
796 3080 914 3162 Paria,
947 3087 1122 3162 postquam
1144 3101 1227 3145 saec.
1251 3085 1342 3147 XVI.

106 3192 302 3251 ineunte
338 3204 409 3249 esse
449 3190 621 3247 exaratum
659 3184 741 3246 dixit
776 3190 808 3245 et
842 3202 929 3265 quae
951 3202 990 3247 eo
1014 3185 1244 3264 continentum)
1268 3208 1344 3252 euu-

103 3291 258 3374 meravit,
285 3291 366 3353 haec
395 3293 467 3350 sunt
501 3289 697 3368 subscripta:
732 3286 795 3350 Iste
825 3287 921 3350 cudere
944 3287 1053 3353 illotus
1068 3288 1140 3373 fnit
1161 3293 1196 3355 in
1225 3291 1344 3357 Biblio-

99 3393 569 3478 thecumRepiumon.1530.
614 3391 689 3475 Qua
717 3393 751 3454 in
780 3409 818 3454 re
846 3399 921 3454 cuin
951 3395 1092 3474 potuerIt
1122 3397 1195 3477 quis
1219 3415 1340 3476 errare,

210 3809 231 3877 ¹)
267 3807 398 3875 Polyaeni
423 3810 533 3874 strateg.
558 3806 585 3858 II.
604 3804 678 3858 VIII.
698 3821 748 3857 rec.
774 3803 803 3857 E.
828 3805 977 3858 Woelfflin.
1015 3806 1075 3874 Lps.
1113 3807 1248 3861 Teubner.
1268 3809 1343 3862 tato.

95 3897 188 3972 praef.
208 3911 232 3962 p.
252 3894 305 3945 XX
324 3895 346 3946 5.
969 3934 972 3939 ,

208 3984 228 4052 ²)
263 3980 447 4034 Continentur
470 3985 564 4032 entem
588 3980 638 4032 illo
663 3981 756 4032 codice
780 3979 860 4031 hacc:
886 3987 907 4031 1.
926 3984 1016 4033 Brevia
1035 3990 1175 4048 temporum
1193 3985 1293 4034 notatio
1313 3987 1344 4034 ab

95 4076 160 4128 orde
179 4073 283 4121 condito
302 4073 339 4122 cd
359 4070 526 4136 Theophilum
544 4071 729 4134 imperatorem.
773 4071 795 4118 2.
813 4070 940 4118 Demetrii
957 4070 1078 4119 Phalerei
1095 4072 1269 4135 apophihcqm.
1294 4073 1351 4120 ’ΠΙ

94 4160 212 4226 sapient.
248 4158 271 4206 3.
292 4157 347 4206 cet.
365 4159 415 4207 tub.
450 4161 473 4206 4.
492 4157 597 4206 Aeliani
613 4157 703 4206 ocriae
720 4157 841 4206 hiutoriee
860 4158 885 4204 tt.
903 4157 977 4206 XIV.
1013 4157 1035 4206 5.
1062 4155 1167 4206 Aeliani
1184 4158 1283 4207 toctica.
1320 4162 1348 4209 d.

99 4244 258 4299 Onerandri
282 4246 426 4308 atrcteqica.
463 4247 483 4293 7.
511 4244 638 4308 Polyaeni
659 4249 866 4306 etrutepemutnm
885 4245 910 4292 u.
935 4242 1010 4292 VIII.
1046 4244 1070 4293 8.
1097 4243 1211 4306 Xenoph.
1238 4247 1347 4309 reipubl.

96 4332 200 4388 Laced.
242 4331 265 4379 9.
285 4331 446 4380 Benarionia
466 4331 563 4380 cardin.
583 4329 690 4394 epistole
708 4330 745 4378 ud
761 4328 912 4380 Michaelem
930 4329 1097 4394 Apostolinm.
1140 4333 1179 4379 10.
1203 4326 1349 4380 Andronici

99 4417 209 4474 Gallim
224 4404 349 4467 monodia
366 4419 394 4466 in
413 4417 541 4483 infelicem
562 4416 817 4482 Conatcntinopoiim.
835 4419 872 4493 1¹:
892 4416 1040 4466 Sententiae
1058 4418 1185 4480 quaedam
1203 4433 1235 4466 err
1252 4417 1348 4480 Eurip.

96 4517 123 4562 et
142 4505 217 4559 aliie.
1011 4511 1014 4514 ’
