2864 4876
616 340 742 409 -ltl
789 373 828 389 -·

93 505 203 572 τοίνυν
246 505 374 573 κελεύοι
411 510 448 572 τὸ
487 507 647 595 δαιμόνιον
682 510 739 573 καῖ
782 512 862 594 πρὸς
905 513 962 595 τὴν
1000 510 1076 595 παρ’
1119 513 1217 596 conoe
1254 511 1341 575 δόσιν

94 611 304 698 μνημονεύειν
327 615 375 678 ὅτι
396 612 544 700 τοιαύτην
569 613 660 697 φύσιν
685 615 753 700 ἔχει
774 614 795 700 ἡ
817 613 900 700 τύχη
922 652 975 679 -.
1067 676 1069 681 ,

200 822 367 888 XXXVII
384 825 411 888 1.
457 819 631 890 CodicisV
653 826 851 905 scripturam
873 843 949 887 eum
974 820 1002 893 C
1025 827 1052 887 si
1075 845 1254 906 comparas
1277 847 1341 888 uun

93 927 196 991 mode
219 931 369 1010 apertam
391 927 543 991 lacunam
566 929 627 994 tibi
649 927 899 1010 deprehendere
921 928 1044 992 videris
1066 928 1121 992 sed
1147 931 1341 1012 etiamglos·

93 1031 263 1110 societte
287 1031 365 1094 αὐτὸ
387 1039 519 1116 πρᾶγμα
531 1030 605 1111 ἀεὶ).
642 1031 836 1096 Accusatius
858 1027 969 1096 autem
992 1033 1020 1096 si
1043 1033 1152 1097 locum
1175 1034 1341 1097 examina·

93 1135 199 1213 veris,
220 1136 318 1199 facile
340 1140 372 1198 te
391 1142 468 1217 puto
484 1154 718 1216 persuasurum
742 1136 810 1213 tibi,
832 1136 996 1200 voeabula
1020 1132 1180 1200 ἀδύνατον
1198 1136 1234 1200 τὸ
1259 1137 1337 1200 αὐτὸ

94 1246 230 1323 πρᾶγμα
252 1240 357 1302 ιιαιιον
377 1237 437 1301 οιαὶ
460 1236 585 1323 ἀγαθὸν
618 1239 697 1302 εἴναι
720 1258 791 1303 esse
813 1240 953 1303 hominis
977 1240 1064 1303 doeti
1085 1241 1224 1303 alieuius
1246 1242 1342 1304 inler-

94 1343 329 1426 pretationem,
363 1363 449 1426 quae
479 1345 512 1407 in
542 1346 691 1426 margine
714 1345 857 1426 primum
885 1345 1035 1426 apposita
1057 1343 1177 1407 deinde
1199 1346 1341 1409 auctoris

94 1447 207 1512 verbis
240 1451 289 1510 est
320 1449 483 1532 iniuncta,
516 1449 563 1511 ita
597 1454 631 1511 ut
660 1450 721 1511 boe
750 1464 889 1530 queque,
915 1449 988 1512 loeo
1017 1467 1081 1514 nen
1110 1448 1209 1512 modo
1237 1449 1341 1512 verba

95 1552 139 1615 ab
168 1558 302 1615 auctore
328 1551 437 1616 aliena
468 1570 544 1614 eum
567 1553 702 1634 reliquis
725 1553 845 1615 arctius
868 1553 931 1615 sint
953 1553 1140 1638 coniuncta,
1170 1552 1228 1616 sed
1260 1554 1342 1617 baec

94 1657 168 1738 ipsa
189 1657 364 1721 immutata
387 1657 420 1719 iu
443 1651 480 1725 Ο.
536 1689 540 1695 ·
606 1664 618 1700 '-

199 1864 258 1927 XL
282 1867 310 1928 1.
364 1865 439 1928 ὅταν
462 1869 610 1946 τιμῶνται
632 1862 689 1925 καῖ
712 1864 838 1927 οἴωνται
862 1863 913 1927 διὰ
935 1864 1056 1930 τούτων
1082 1866 1178 1952 μόνον
1203 1866 1339 1930 εἶναιτὸ

91 1965 294 2053 (εὐδαιμονεῖν
317 1957 374 2029 καῖ
396 1965 494 2031 πάνθ’
516 1966 678 2052 ἑπομένως
701 1967 848 2051 πράττειν
872 1969 927 2031 ιιαῖ
948 1971 989 2034 τὰ
1011 1968 1208 2057 ἀσεβέστατα
1229 1970 1285 2033 καῖ
1300 1971 1339 2035 τὰ
1393 1972 1395 1983 “

97 2070 294 2156 αἴοχρότατα
317 2070 475 2135 δονοῠντα
499 2071 577 2135 εἴναι
601 2073 638 2140 οὐ
661 2079 884 2154 παραιτωνται.
920 2076 971 2139 De
987 2076 1130 2139 hocloco
1155 2075 1193 2140 Η.
1206 2073 1341 2158 Sauppe

96 2177 141 2258 [ρ.
166 2176 229 2239 770
251 2179 315 2258 sq.)
349 2178 532 2240 accuratius
556 2176 749 2258 disputavit,
782 2180 839 2260 qui
862 2180 972 2244 verbis
996 2178 1263 2243 antecedentibus
1285 2198 1340 2261 op·

96 2281 176 2344 time
197 2281 379 2343 constitutis
401 2280 565 2343 voeabula
588 2280 629 2362 μὴ
653 2288 881 2363 παραιτῶνται,
908 2301 996 2364 quae
1019 2283 1107 2364 apud
1130 2284 1339 2360 Drosibnum

96 2384 153 2466 qui
176 2401 217 2448 ea
240 2384 399 2447 exhibere
420 2379 486 2448 BD
508 2384 724 2468 opinabatur,
747 2384 915 2470 leguntur,
939 2387 1103 2467 glossema
1127 2404 1199 2449 esse
1220 2388 1340 2464 statuit,

95 2506 171 2551 eum
212 2505 277 2552 non
310 2487 352 2570 μὴ
387 2492 601 2570 παραιτῶνται
632 2487 690 2552 sed
714 2488 751 2550 οὐ
774 2497 1000 2572 παραιτοῦνται
1024 2489 1176 2553 debuerit
1196 2491 1341 2562 scribere

94 2597 218 2656 auctor.
242 2591 306 2656 Sed
330 2597 437 2654 exstat
460 2593 497 2654 οὐ
521 2594 554 2655 in
577 2593 689 2656 codice
710 2589 744 2660 V
767 2598 807 2672 et,
831 2594 919 2676 quod
943 2599 1160 2677 παραιτωνται
1182 2595 1340 2676 seriptum

94 2701 150 2780 est,
172 2712 238 2758 non
260 2699 494 2778 capessebatur,
516 2697 549 2759 id
572 2699 641 2761 sele
666 2717 778 2763 errore
800 2701 833 2760 in
857 2698 972 2762 litteris
996 2717 1021 2758 ω
1045 2700 1077 2760 et
1090 2717 1128 2760 ου
1144 2698 1341 2778 saepissime

94 2799 238 2862 admisso
261 2800 382 2863 factum
407 2804 470 2878 est3
504 2802 722 2882 quamobrem
757 2822 833 2865 mea
856 2801 991 2885 quidem
1014 2801 1174 2866 sententia
1196 2818 1260 2865 non
1284 2810 1343 2880 est,

93 2922 151 2966 eur
185 2904 268 2966 base
301 2903 463 2966 vocabula
495 2903 677 2968 deleamus.
740 2907 855 2971 Restat
888 2906 988 2969 etiam
1021 2903 1132 2981 aliud,
1177 2906 1342 2970 vocabula

92 3014 242 3092 τιμῶνται
276 3006 331 3070 καῖ
364 3005 490 3089 (τιμῶοῖ
511 3027 550 3070 τε
569 2999 650 3070 αὐτὰ
672 3008 728 3071 καὶ
751 3010 849 3091 Vulg.
871 3011 979 3089 Dros)
1010 3013 1181 3091 tamquam
1212 3009 1339 3073 addite·

93 3117 242 3176 mentum
265 3131 286 3175 a
310 3111 434 3179 Oebete
457 3115 604 3177 alienum
627 3113 749 3176 delerit
771 3115 810 3178 H.
834 3114 982 3195 Sauppe3
1008 3114 1098 3176 mibi
1128 3112 1263 3196 quidem
1294 3115 1340 3177 le·

92 3218 186 3280 viore
214 3215 403 3281 'mutatione
436 3236 496 3299 pro
529 3223 696 3299 τιμῶνται,
732 3217 818 3299 quod
849 3222 983 3300 propter
1003 3216 1179 3299 insequens
1201 3217 1339 3282 verbum

94 3321 222 3383 οἴωνται
244 3320 401 3384 facillime
424 3323 504 3385 vitio
527 3322 769 3384 assimilationis
780 3327 890 3384 ortum
907 3325 963 3398 est,
986 3320 1117 3384 videtur
1129 3320 1340 3385 scribendum

93 3442 166 3489 esse
189 3430 309 3508 τιμῶσι,
342 3443 427 3508 cum,
458 3425 537 3508 quid
560 3425 624 3488 sibi
646 3424 723 3488 velit
749 3427 809 3489 boe
832 3426 1004 3508 glossema,
1027 3427 1164 3489 minime
1185 3426 1226 3489 sil
1249 3445 1341 3508 aper·

93 3532 172 3592 tum.
221 3527 284 3590 Sed
309 3528 398 3591 aliud
422 3533 581 3610 superest,
612 3527 715 3590 verba
746 3528 821 3590 ὅταν
844 3534 955 3611 τιμῶσι
977 3527 1033 3591 καῖ
1056 3530 1182 3592 οἴωνται
1205 3532 1337 3594 omnino

92 3650 157 3696 non
181 3631 357 3695 cobserent
379 3651 455 3694 cum
477 3630 759 3712 antecedentibus,
790 3650 996 3715 quamquam
1020 3634 1075 3710 iis,
1098 3652 1157 3696 cur
1180 3651 1229 3717 ea,
1253 3652 1341 3716 quae

92 3737 143 3798 his
166 3735 276 3798 verbis
300 3737 512 3819 eontinentur,
534 3734 684 3797 accidant
693 3735 887 3819 hominibus,
910 3736 1170 3816 demonstratum
1203 3738 1341 3800 fortasse

93 3839 293 3903 vocabulum
317 3840 393 3903 ὅταν
416 3845 525 3903 ortum
548 3841 595 3902 est
618 3857 661 3902 ex
683 3838 730 3901 ὅτι
754 3838 792 3901 ἂν
812 3839 867 3901 vel
891 3839 938 3902 ὅτι
960 3837 1033 3922 ἐὰν,
1067 3841 1114 3902 ita
1148 3845 1182 3902 ut
1205 3841 1341 3922 Sauppii

91 3941 377 4006 emendationibus
414 3939 555 4025 receptis
596 3943 657 4005 hoe
689 3941 788 4006 modo
818 3943 860 4005 sit
889 3948 975 4007 totus
1008 3945 1099 4007 loeus
1132 3943 1340 4009 scribendus:

91 4044 149 4109 καῖ
177 4046 213 4108 τὸ
245 4042 381 4110 σύνολον
416 4043 461 4108 δέ·
485 4043 551 4109 ἐστὶ
572 4046 608 4108 τὸ
631 4055 721 4129 τιμοῖν
745 4053 845 4110 ταῦτα
869 4045 911 4123 ὡς
934 4046 1086 4134 &sabell
1112 4046 1272 4131 ἀτιμάζειν
1296 4047 1339 4126 ὡς

90 4148 194 4231 κακά,
215 4149 309 4213 τοῦτο
334 4148 362 4211 δ’
384 4149 507 4213 ἔστι-τὸ
530 4148 692 4234 ταράττον.
710 4152 784 4226 τοὺς
808 4148 1001 4234 ἀνθρώπους
1024 4151 1080 4215 καῖ
1102 4149 1255 4238 βλάπτον·
1279 4153 1339 4234 ὅτι,

91 4253 151 4318 ἐὰν
172 4262 284 4339 τιμῶσι
316 4253 372 4317 καῖ
394 4254 521 4319 οἴωνται
545 4253 596 4317 δια
618 4253 739 4319 τούτων
762 4254 867 4340 μόνων
891 4255 1028 4320 εἶναιτὸ
1052 4255 1261 4342 εὐδαιμονεῖν,
1284 4255 1341 4318 καῖ

91 4357 193 4423 πάνθ’
230 4358 424 4444 ὑπομένουσι
458 4358 604 4445 πράττειν
639 4359 695 4423 acl
716 4362 757 4424 τὰ
779 4359 977 4448 ἀσεβέστατα
1000 4360 1119 4425 καὶτὰ
1141 4361 1339 4447 αἴσχρὸτατα

91 4463 255 4527 δοκοῦντα
277 4464 357 4529 εἴναι
379 4464 417 4529 οὐ
440 4471 677 4551 παραιτοῦνται.
