2864 4876
463 351 781 422 .-67-

57 522 171 606 datus,
200 522 398 586 offendimur
421 524 508 586 enim
530 523 702 586 vocabulis
724 522 789 585 ἀπὸ
811 519 915 607 τύχη,
944 541 1030 605 qnae
1052 525 1080 586 si
1102 543 1178 587 cunr
1200 526 1299 590 John·

57 645 138 691 sono
154 628 333 690 mutaveris
349 628 383 688 in
399 624 545 710 ἐπιτύχῃ,
568 626 774 708 quodetiam
790 628 830 691 H.
845 627 978 709 Sauppe
999 628 1167 712 probavit,
1189 633 1301 694 omnia

58 730 143 794 bene
164 751 200 795 se
222 729 429 826 habebunt).

161 868 1298 958 QuaeautcmPorsonproposuIt(p.181)-quivocabulumdub,cmn

57 973 250 1054 saepissime
269 972 543 1037 confunderentur
555 977 714 1055 cognatae
727 971 1023 1055 praepositiones),
1046 977 1188 1056 primum
1202 996 1303 1059 snpra

59 1074 97 1138 ἐκ
113 1078 214 1141 fnisse
230 1078 386 1158 scriptum
404 1079 549 1155 oonIecit,
568 1078 655 1141 unde
670 1077 752 1141 falso
768 1083 844 1141 ante
859 1079 1057 1142 vocabulum
1072 1077 1155 1165 τύχῃ
1171 1081 1300 1144 illatum

58 1185 197 1244 esset-
212 1181 251 1246 ἂν
266 1182 309 1265 μὴ
331 1179 353 1265 ἡ
377 1179 526 1264 μετάνοια
549 1181 635 1264 αὐτῷ
658 1179 741 1266 τύχῃ
766 1179 805 1244 ἐκ
828 1179 1043 1266 προαιρέσεως
1067 1182 1300 1269 coronationes,

58 1286 85 1347 si
108 1285 272 1348 vocabula
299 1281 338 1347 ἐκ
360 1282 576 1368 προαιρέσεως
607 1303 670 1349 non
701 1287 865 1350 exstitisse
893 1288 927 1349 in
954 1289 1131 1369 archetypo
1154 1288 1302 1374 dicimus,

58 1406 122 1452 non
138 1389 437 1472 possuntprobar13
460 1394 590 1453 secutus
606 1395 654 1454 est
676 1390 763 1452 hunc
785 1387 909 1474 Corsis,
930 1389 987 1454 sed
1010 1393 1057 1454 ita
1078 1396 1115 1454 ut
1137 1394 1302 1456 omitteret

59 1492 223 1557 vocabula
255 1490 294 1554 ἐκ
325 1490 565 1577 προαιρέσεως,
610 1512 686 1556 cum
719 1493 885 1556 Johnsono
920 1497 1132 1557 assentiretur
1164 1497 1302 1580 Dnbner

59 1595 112 1674 (ἂν
136 1597 179 1679 μὴ
202 1594 224 1679 ἡ
248 1594 397 1680 μετάνοια
420 1597 506 1680 αὐτῷ
530 1594 665 1682 ἐπιτύχῃ
689 1595 727 1659 ἐκ
750 1594 966 1680 προαιρέσεως
990 1596 1239 1682 συναντήσασα).

163 1733 386 1818 Quoscunque
399 1721 461 1799 'hic
483 1737 621 1800 tractavi
644 1742 755 1813 atace,
778 1754 860 1818 qnos
875 1733 1004 1816 supra³J
1022 1738 1188 1822 exscripsi,
1214 1739 1301 1803 locos

59 1840 86 1902 si
108 1845 218 1903 tecum
242 1842 463 1924 reputaveris,
486 1860 587 1903 unum
611 1841 711 1903 fuisse
733 1839 900 1903 codicibus
920 1834 991 1908 AV
1017 1843 1232 1924 archetypum
1256 1844 1302 1924 ip·

58 1962 131 2005 sum
164 1944 232 2006 iarn
255 1949 444 2026 corruptum
480 1951 512 2007 et
539 1945 744 2026 glossematis
773 1944 999 2027 inquinatum,
1033 1944 1092 2008 sed
1114 1963 1183 2008 non
1205 1947 1302 2008 huius

58 2048 160 2128 ipsius
183 2049 375 2130 apographa
396 2066 451 2112 eos
475 2066 556 2132 asse,
578 2049 676 2112 facile
698 2047 865 2112 concedes.

104 2267 109 2274 ι
161 2185 259 2268 'Quae
292 2203 345 2250 ras
378 2207 453 2251 cum
487 2191 534 2251 ita
568 2189 618 2266 sit,
653 2188 805 2251 omnibus
840 2187 929 2270 Iocis,
963 2187 1083 2269 quibus
1118 2187 1238 2253 codicis
1267 2186 1303 2258 A

60 2291 241 2371 scripturas
259 2292 335 2354 'esse
362 2296 533 2374 corruptas
555 2296 701 2373 apparet,
725 2289 871 2354 codicem
893 2285 928 2356 V
949 2291 1026 2354 iicet
1048 2289 1220 2377 adhibere,
1242 2293 1301 2356 sed

10 2392 12 2431 ἵ
60 2393 308 2475 diligentissime
331 2397 523 2460 examinare
544 2401 673 2477 oportet
695 2414 743 2478 ea,
772 2413 860 2478 quae
883 2395 1027 2479 exhibet,
1057 2413 1132 2458 cum
1156 2397 1303 2460 consulto

59 2498 236 2561 immutata
259 2517 330 2562 esse
352 2499 386 2560 in
413 2516 452 2562 eo
476 2499 578 2562 verba
601 2499 712 2562 multis
734 2499 814 2561 locis
837 2499 938 2580 possit
959 2497 1102 2578 ostendi;
1132 2501 1181 2562 his
1204 2501 1305 2582 igitur

60 2601 141 2665 iocis
165 2620 184 2664 e
206 2606 396 2682 comparata
418 2603 589 2684 utriusque
620 2602 739 2665 codIcis
762 2603 931 2684 scriptura,
962 2603 1104 2685 quaein
1127 2605 1303 2685 archetypo

61 2706 278 2789 exstiterunt,
318 2710 391 2769 sunt
421 2705 600 2789 elicienda,
642 2706 777 2788 reliquis
806 2710 938 2791 autem,
976 2706 1064 2789 quod
1096 2710 1129 2772 et
1161 2709 1204 2786 is,
1245 2725 1304 2788 per

62 2809 155 2870 cuius
171 2809 342 2890 exemplar
358 2810 461 2874 verba
482 2810 524 2873 ab
542 2810 722 2890 archetypo
739 2809 782 2873 ad
804 2810 952 2874 codicem
967 2806 1003 2878 A
1018 2815 1092 2873 sunt
1114 2817 1304 2893 propagata,

62 2915 94 2974 et
106 2912 144 2989 is,
160 2913 217 2993 qui
230 2914 314 2975 hunc
325 2916 483 2991 exaravit,
500 2932 586 2997 quae
601 2918 814 2995 reppererant
828 2915 862 2977 in
870 2914 1045 2992 codicibus,
1061 2915 1305 2995 religiosissime

61 3017 358 3100 transscripserunt,
390 3019 526 3081 minime
557 3024 606 3081 est
635 3017 856 3081 recedendum
887 3037 908 3082 a
938 3018 1066 3084 codice.
1080 3015 1124 3097 A,
1157 3019 1216 3083 sed
1246 3037 1305 3100 pro

60 3119 165 3199 ipsius
194 3118 364 3201 archetypi
397 3122 506 3185 verbis
536 3126 611 3184 sunt
639 3122 830 3203 accipienda
861 3140 920 3200 aa,
963 3141 1049 3205 quae
1088 3123 1135 3187 ibi
1163 3123 1304 3204 legimns

61 3222 194 3303 scrIpta.

168 3363 213 3425 Ut
247 3367 351 3427 totum
387 3363 665 3447 comprehendam
703 3364 870 3428 libellum:
922 3367 962 3427 in
1002 3367 1147 3446 priore
1189 3371 1307 3447 parte

61 3468 194 3529 omnis
228 3487 294 3531 res
328 3470 481 3532 critica
522 3473 717 3532 versatur
757 3469 798 3531 in
841 3467 985 3532 codice
1010 3466 1060 3549 A,
1115 3469 1187 3532 sed
1228 3488 1307 3534 non

61 3588 237 3651 prorsus
266 3573 554 3655 neglegendus
586 3578 649 3637 cst
677 3567 726 3651 V,
768 3573 840 3636 ubi
875 3573 1012 3637 codex
1034 3571 1070 3641 A
1101 3579 1308 3656 corrupta

61 3675 242 3739 exhibet
272 3678 468 3740 auctoris
500 3678 645 3761 verba3
672 3678 723 3757 „in
759 3678 994 3759 posteriore
1017 3683 1154 3742 autem
1186 3684 1308 3760 parte

169 4105 192 4178 ¹)
211 4105 348 4161 Vocabuli
367 4111 408 4162 tut
426 4124 489 4160 cum
507 4112 560 4163 ἀπὸ
583 4109 690 4162 confusi
708 4109 870 4179 exemplum
888 4111 973 4163 etIam
989 4110 1019 4161 in
1031 4109 1084 4162 hoc
1097 4107 1192 4162 libello
1205 4113 1307 4162 exstat:

61 4192 105 4246 IX
122 4193 140 4244 4
158 4195 329 4262 ἐπιλίπῃ-Α,
352 4197 486 4267 ,ἀπολίπῃ
504 4195 544 4251 V.

57 4358 68 4382 ·
170 4297 193 4368 ²]
218 4298 307 4351 Huius
331 4301 371 4351 rei
395 4298 557 4369 exemplum
580 4317 617 4352 cx
636 4302 697 4368 Ipso
717 4301 768 4354 hoc
786 4299 881 4353 libello
899 4301 963 4353 licet
979 4304 1088 4370 potere:
1114 4299 1153 4351 XI
1173 4300 1188 4350 1
1208 4304 1308 4352 ἐκτῶν

60 4392 159 4442 κακῶν
177 4386 550 4444 AVBRDWPOK.
584 4391 637 4441 ἀπὸ
655 4394 707 4441 τῶν
725 4394 820 4442 κακῶν
838 4389 882 4444 L.

169 4490 195 4561 ⁸]
213 4506 239 4559 p.
257 4489 289 4541 23
307 4489 348 4542 III
366 4490 389 4543 1.
407 4507 432 4559 p.
450 4491 483 4542 25
501 4491 526 4543 Χ
545 4492 568 4544 1.
586 4508 611 4561 p.
632 4491 665 4544 26
683 4491 749 4543 XIX
766 4492 788 4544 1.
808 4509 832 4560 p.
850 4491 884 4543 48
903 4491 972 4543 VIII
990 4493 1012 4545 2.

1095 4596 1128 4648 5*
