2864 4876
641 305 683 377 ξ-
729 329 856 394 26:-

127 506 207 569 XIV
231 507 252 569 4
275 503 465 588 ψευδοποιΐᾳ
488 475 562 565 οὐδὲ

129 939 191 999 XV
217 941 231 1000 1
259 936 341 1000 ἐστιν
365 938 443 1021 αότη
468 936 488 1020 ἡ
512 934 585 1013 όδός

128 1059 208 1122 XVI
233 1061 248 1120 1
275 1056 446 1134 εὐτάκτους

128 1179 208 1241 XVI
232 1182 248 1241 1
274 1177 352 1254 τίνες
376 1177 454 1262 φημὶ
475 1176 649 1242 καλοῦνται

127 1302 207 1363 XVI
229 1302 251 1363 4
273 1298 499 1386 καταβαίνουσι

127 1420 208 1485 XVI
232 1426 251 1484 5
274 1422 329 1485 καὶ
351 1421 524 1507 ἀληθεινὴν

127 1545 224 1606 XVII
248 1547 264 1606 1
291 1543 351 1627 ἔφη
376 1543 557 1627 ἔμπροσθεν
584 1552 639 1607 τοῦ
667 1544 722 1608 άλ-
752 1507 754 1510 ¹

172 1668 246 1722 σους
270 1645 393 1710 ἐκείνου
416 1647 471 1709 καὶ
494 1647 592 1710 τόπον

127 1775 243 1837 XVIII
266 1776 284 1835 2
310 1770 375 1856 μετ’
397 1773 494 1856 αὐτῆς
554 1758 557 1762 ’

129 1898 241 1962 XVIII
265 1899 287 1959 4
308 1894 376 1959 τίνα
399 1895 474 1960 εἰσὶν
498 1895 518 1957 ά

129 2021 241 2085 XVIII
263 2021 286 2083 4
308 1988 385 2082 ποτε
402 2018 518 2082 παθεῖν
543 2017 575 2082 ἐν
599 2026 643 2103 τῷ
666 2018 723 2105 βίῳ

780 501 1007 586 ψευδοπαιδεία
1053 483 1220 564 οὐδέποτε
1250 497 1374 564 ἀπολυ-

817 608 973 692 θησονται
996 604 1070 669 οὐδὲ
1101 597 1375 672 AVLBRPCK

774 716 890 779 desunt
923 717 1059 793 excepto
1093 709 1256 772 vocabulo
1296 703 1375 769 οὐδὲ

818 822 950 899 propter
973 817 1133 913 lacunam*
1147 814 1179 874 In
1203 806 1286 877 DW

774 941 852 1023 αὕτη
875 937 896 1021 ἡ
921 936 995 1013 ὁδός
1012 934 1100 998 ’ἔστιν

775 1057 967 1135 εὐεκτοόσας

774 1182 854 1259 τίνες
878 1179 1052 1245 καλοῦνται
1075 1179 1152 1263 ἔφην

777 1299 1090 1389 προσκαταβαίνουσι

776 1428 856 1510 πρὸς
878 1427 935 1508 τὴν
959 1421 1114 1507 ἀληθινὴν

777 1549 837 1633 ἔφη
871 1545 926 1608 καὶ
961 1542 1142 1628 ἔμπροσθεν
1173 1533 1237 1606 τοῦΙ
1253 1540 1376 1616 ἄλσους

819 1648 944 1713 ἐκείνου
969 1646 1067 1711 τόπον

778 1774 857 1856 μετὰ
878 1771 994 1857 ταύτης

776 1892 844 1958 τίνα
868 1892 995 1958 ἔοτίνά

777 2035 855 2078 ποτε
879 2014 979 2079 δεινόν
1002 2015 1118 2079 παθεῖν
1132 2012 1164 2077 ἐν
1177 1998 1220 2077 τά)
1233 2009 1289 2098 βίω
1305 2007 1379 2080 AV

820 2114 1053 2189 LBRDPCK

680 2265 683 2270 ·
777 2259 855 2304 ποτε
879 2238 995 2303 παθεῖν
1019 2238 1052 2303 ἔν
1075 2247 1119 2302 τῶ
1137 2236 1194 2326 βίον
1207 2236 1309 2301 δεινόν
1330 2235 1379 2306 W

129 2353 212 2414 XIX
237 2354 251 2413 1
279 2346 479 2433 ὢὴράκλεις

129 2474 212 2537 XIX
236 2476 254 2535 2
278 2471 445 2556 φιλότιμος-

129 2595 212 2659 XIX
234 2597 256 2658 4
277 2596 331 2658 τὸν
357 2594 452 2659 αὐτόν
476 2591 515 2678 δὴ
538 2592 656 2677 τρόπον

129 2738 212 2801 XIX
232 2737 254 2799 4
276 2736 364 2797 κακά
388 2735 448 2798 όσα

129 2878 255 2941 XIX5
290 2877 378 2960 παρά
410 2885 465 2960 τῆς
500 2871 623 2957 ἀπάτης
655 2871 726 2935 ἐπε-

173 3000 267 3043 ποκετ
515 3015 516 3018 =

132 3228 214 3291 XIX
238 3229 257 3287 5
280 3233 324 3309 τῷ
347 3174 525 3311 περιβόλῳ

94 3439 96 3443 ¹
131 3365 196 3427 XX
221 3364 236 3426 4
264 3363 342 3446 ἔφην
366 3361 407 3438 ὡς
431 3360 477 3447 ἐφ’
493 3317 575 3446 ὦμοι
591 3360 748 3446 μάλιστά

673 3676 674 3679 ¹
781 3711 859 3796 ἔφην
884 3711 986 3795 ἔγωγε
1009 3708 1145 3803 μάλιστα
1169 3704 1200 3775 Β

132 4287 214 4349 XXI
242 4288 254 4347 1
281 4284 323 4359 εἰς

132 4424 216 4491 XXI
230 4428 257 4487 ·2
282 4427 335 4489 τόν
353 4423 476 4511 ὑψηλόν
499 4424 598 4490 τόπον

777 2358 929 2445 ἡράκλετς

778 2479 948 2565 φιλοτίμως
994 2547 997 2552 ,

777 2603 831 2666 τὸν
857 2602 953 2665 αὐτόν
976 2600 1080 2667 τοίνυν
1104 2602 1222 2687 τρόπον

778 2745 868 2807 κακά
891 2742 995 2808 πάντα
1018 2746 1079 2809 όσα

779 2878 932 2942 ἔπεπόκει
954 2878 1042 2960 παρά
1064 2886 1120 2960 τῆς
1143 2876 1266 2962 ἀπάτης
1289 2875 1326 2944 Α

746 3000 749 3006 ·
780 2981 940 3046 ἐπεπώκει
963 2982 1051 3064 παρὰ
1072 2990 1128 3065 της
1152 2980 1274 3066 ἀπάτης
1312 2978 1381 3050 VL

821 3078 1077 3154 BRDWPGK
1105 3126 1106 3129 =

778 3232 822 3289 τῶ
845 3222 962 3307 πρώτω
987 3221 1146 3308 περιβόλου
1219 3242 1222 3247 ’

783 3369 860 3452 ἔφην
884 3364 926 3441 ὡς
950 3362 1014 3448 ἐγὼ
1038 3360 1174 3446 μάλιστα
1196 3357 1231 3428 A

781 3485 925 3661 ἔφηνοὼς
949 3485 1051 3570 ἔγωγε
1074 3480 1383 3568 μάλισταΥΒΒΨ

822 3589 853 3659 P

780 3833 858 3918 ἔφην
881 3832 937 3895 καὶ
960 3832 1062 3917 ἔγωγε
1084 3800 1242 3895 κάλλιστα
1265 3828 1295 3899 L

782 4023 859 4106 ἔφην
883 4007 938 4084 λαὶ
960 4021 1063 4107 ἔγωγε
1076 3970 1242 4087 (λςάλλιστα
1265 4019 1296 4089 l²

783 4146 825 4223 ὡς
848 4145 985 4231 μάλιστα
1008 4145 1085 4230 ἔφην
1110 4144 1211 4229 ἔγωγε
1234 4142 1272 4212 Κ

783 4286 862 4370 πρός

784 4427 819 4489 τό
844 4424 967 4511 ὑψηλὸν
989 4424 1098 4490 ἐκεῖνο
