2864 4876
647 364 699 384 ,..
740 328 865 398 18„

137 506 173 571 -in
189 504 307 573 codiee
329 502 372 585 Α,
397 507 454 589 qui
476 505 558 573 haec
580 506 680 570 babet
704 508 824 572 verba
833 505 902 569 και
925 503 1019 570 πίωσι
1040 508 1096 582 τὰς
1118 505 1238 575 τούτων
1259 504 1387 591 καθαρ-

138 612 228 687 τικὰς
251 609 460 696 tolomaei
468 609 652 675 ταὸταν
675 607 1228 696 καθαρθῶσικαιέκβάλωσι.

245 716 421 781 Vocabulis
459 713 525 777 sira
563 714 649 778 ὅταν
675 713 870 798 καθαρθῶσι
906 717 1070 797 receptis
1093 716 1181 796 prior
1225 735 1301 797 pars
1341 718 1389 779 ita

139 823 320 885 secernitur
349 839 370 883 a
402 819 595 901 posteriore,
629 823 665 881 ut
687 836 709 881 o
730 819 893 882 vocabulo
923 817 989 880 εἶτα
1012 819 1096 881 haec
1118 820 1226 899 cupiat
1248 820 1389 902 initium,

137 915 268 988 finietur
290 925 349 986 illa
369 923 538 987 'vocabulis
560 906 616 997 τας
638 919 758 984 τούτων
781 918 981 1004 aucupium
1004 918 1167 1004 δυνάμεις;
1191 923 1305 1005 itaque
1330 941 1387 1004 op·

139 1031 218 1092 time
244 1027 392 1110 procedit
421 1026 533 1090 oratio.
570 1024 664 1088 Adde
695 1025 781 1107 quod
805 1026 911 1089 libelli
932 1026 1033 1089 nostri
1054 1031 1167 1089 auctor
1189 1029 1389 1108 saepissime

139 1133 299 1196 vocabulo
325 1129 391 1192 εἶτα
407 1131 514 1193 'utitur
537 1134 569 1191 et
589 1146 636 1206 ce,
660 1147 746 1211 quae
769 1116 867 1193 modo
889 1129 981 1208 dixit,
1003 1129 1120 1192 iisdem
1144 1132 1199 1194 vel
1222 1132 1389 1196 similibus

138 1238 222 1302 solet
189 1238 352 1323 etrepet
338 1252 394 1298 ere
422 1230 633 1312 vocabulis)
928 1245 931 1250 ·

241 1328 389 1430 Efficitur
411 1341 468 1401 aut
470 1355 522 1400 em
545 1339 614 1431 tota
580 1333 697 1400 thac
719 1333 1002 1418 argumentatione
1023 1335 1189 1403 iocabula
1215 1339 1284 1402 εἶτα
1308 1339 1388 1405 ὅταν
1415 1381 1420 1391 ·

138 1430 332 1525 καθαρθῶσι
354 1459 418 1505 non
441 1459 535 1522 posse
558 1459 622 1504 non
652 1445 741 1505 stare
770 1442 931 1526 hocloco,
952 1461 1029 1507 eum
1049 1445 1181 1506 omnino
1201 1446 1389 1508 sintneces

138 1549 226 1610 sario
247 1546 288 1609 ad
312 1546 416 1609 verba
439 1548 528 1608 recte
551 1524 784 1610 constituenda.
837 1543 932 1630 Quae
954 1565 1029 1609 cum
1052 1547 1098 1608 ite
1120 1548 1191 1630 siut,
1213 1550 1384 1612 neminem

139 1656 217 1732 puto
240 1649 400 1727 dubilare‚
424 1650 504 1733 quin
525 1647 660 1711 secundi
665 1649 812 1730 generis
836 1645 965 1714 codices
987 1652 1081 1732 sequi
1104 1668 1168 1715 non
1191 1651 1388 1730 debeamus,

139 1755 262 1836 quippe
294 1755 352 1838 qni
363 1752 545 1817 voeabula
575 1754 740 1831 omittant,
782 1754 902 1836 quibus
931 1754 1058 1819 omissis
1082 1759 1149 1866 tota
1158 1760 1245 1837 pert
1232 1756 1390 1820 turbatur

139 1859 252 1921 oratio.

136 1965 138 1969 ’
243 1962 322 2027 Sed
333 1965 456 2044 restat„
491 1966 544 2045 ut,
580 1959 745 2043 quomodo
781 1962 944 2042 potuerint
966 1945 1161 2027 intercidere
1183 1964 1267 2028 boec
1289 1983 1389 2030 voco-

141 2067 234 2149 bula,
269 2066 416 2130 doceam.
470 2063 572 2129 Cuius
610 2066 659 2127 rei
692 2063 827 2128 idoneos
861 2064 981 2129 afferre
1014 2085 1129 2129 censes
1168 2066 1302 2131 difficile
1330 2077 1390 2154 est,

132 2168 219 2232 mibi
234 2168 377 2252 quidem,
396 2172 432 2232 ut
442 2170 631 2250 reperirem,
654 2185 719 2231 non
732 2169 873 2250 contigit.
900 2168 1035 2254 Tamen,
1053 2172 1118 2238 ¹etsi
1142 2173 1203 2236 hoc
1225 2173 1387 2258 interpre-

139 2276 179 2336 tis
203 2291 340 2336 mnnere
356 2289 427 2336 non
448 2292 521 2335 sum
539 2272 682 2354 Iunctus,
704 2272 737 2334 in
755 2271 867 2336 codice
877 2270 922 2350 A,
945 2275 1003 2356 qui
1024 2276 1203 2356 integriora
1225 2277 1388 2342 exhibeat

142 2379 288 2442 auctoris
311 2376 422 2459 rerba,
446 2377 578 2441 omuino
599 2376 702 2441 nobis·
716 2375 966 2465 fundamentum
982 2396 1055 2442 esse
1070 2379 1257 2459 ponendum
1277 2387 1390 2446 artem

140 2483 287 2544 criticam
309 2481 511 2559 lectitaturis,
534 2479 622 2563 quod
643 2479 682 2544 H.
695 2476 831 2561 Sauppe
853 2481 1027 2544 eliislocis
1050 2482 1203 2563 probavit
1224 2485 1270 2565 (p.
1296 2486 1390 2566 772),

138 2587 348 2666 perspicuum
360 2585 431 2664 erit,
455 2584 613 2665 imprimis
625 2602 699 2646 cum
711 2583 865 2668 reliquos,
878 2601 961 2666 quos
973 2585 1076 2663 attuli,
1096 2586 1390 2654 locosconsidere-

18 2738 22 2745 .
136 2691 232 2753 veris.
265 2688 480 2773 Equibusis,
502 2688 767 2771 quamprimum
792 2688 939 2772 exhibui,
961 2689 1128 2753 levissimo
1151 2691 1302 2755 remedio
1326 2711 1386 2774 po·

136 2797 197 2856 test
229 2793 358 2870 sanari,
392 2793 439 2854 ita
472 2795 508 2854 ut
529 2792 650 2856 inserto
672 2794 745 2872 post
766 2792 965 2856 vocabulum
989 2791 1161 2878 φαινομένη
1184 2799 1385 2877 pronomine

132 2895 156 2978 tl
180 2895 315 2979 legasti
339 2895 394 2957 καὶ
416 2893 448 2959 ἐν
472 2902 510 2978 τῇ
535 2893 617 2978 χειρὶ
640 2893 709 2977 ἔχει
727 2896 785 2958 vvel
808 2893 916 2966 deleto
939 2897 1101 2960 vocabulo
1123 2896 1179 2959 καί
1208 2934 1251 2944 -
1287 2903 1388 2965 cuius

135 2999 366 3081 compendium
388 2999 471 3062 salso
493 3015 553 3079 pro
575 2995 596 3080 ἣ
621 2998 748 3079 putavit
770 3001 901 3070 exstare
924 2999 1078 3063 librarius
1100 2999 1267 3083 qnidam²)
1290 3038 1336 3049 ·-
1358 3004 1382 3090 ῆ

135 3101 167 3166 ἐν
190 3111 228 3186 τῇ
252 3101 333 3187 χειρὶ
356 3101 432 3188 ἔχει,
456 3100 544 3185 quod
567 3101 606 3165 H.
619 3101 751 3182 Sauppe
773 3103 941 3183 proposuit
963 3103 1009 3184 (p.
1029 3103 1116 3182 775).
1150 3103 1202 3167 Ite
1223 3123 1300 3168 cum
1325 3128 1381 3172 res

134 3225 169 3270 se
191 3207 320 3286 habeat,
343 3205 386 3270 de
395 3205 517 3289 plurali
528 3222 665 3270 numero
688 3204 743 3279 τας
755 3202 875 3268 τουτων
891 3203 1090 3288 καθαρτικὰς
1103 3202 1251 3291 δυνάμεις
1280 3211 1386 3304 plura

134 3311 257 3374 addere
268 3308 477 3395 supersedeo,
498 3310 695 3396 praesertim
717 3327 792 3372 cnm
815 3309 858 3373 de
879 3311 942 3372 hac
964 3328 1000 3374 re
1021 3313 1088 3376 iem
1109 3312 1146 3377 Η
1159 3313 1291 3425 Sauppe
1316 3315 1384 3378 dis-

132 3417 296 3495 putaverit
319 3413 363 3498 (p.
386 3414 484 3514 773).
563 3483 565 3488 .

236 3774 257 3842 ¹)
277 3772 342 3824 XIX
361 3773 377 3824 1
400 3778 472 3840 ὅπως
489 3779 550 3841 τοὺς
567 3780 815 3848 παραγινομέναις,
839 3781 907 3850 ἔφη,
932 3779 1069 3852 deportata
1088 3784 1135 3838 ναι
1152 3784 1246 3852 ποτίζῃ
1264 3783 1313 3854 τὴν
1332 3800 1386 3840 κα-

130 3863 259 3928 seponto
278 3865 392 3928 δύναμιν.
428 3865 479 3914 εἷθ’
498 3867 559 3917 ὅταν
579 3867 767 3932 καθαρθῶσιν,
792 3871 874 3932 οὕτως
898 3871 994 3933 αὐτοὺς
1021 3873 1121 3939 εἰσάγει
1151 3870 1257 3940 [εἰσάγῃ
1282 3875 1386 3938 αὐτοὺς

131 3948 241 4015 Sauppe
260 3948 299 4017 (p.
312 3947 363 3999 773
381 3949 434 4017 sq.)
455 3951 513 4001 cod.
531 3951 571 4008 A
588 3957 711 4022 secutus,
743 3955 791 4021 qui
810 3956 923 4024 praebet
941 3960 1041 4024 εἰσάγει
1063 3957 1169 4026 αὐτοὺς]
1194 3987 1237 4010 ——.
1263 3955 1302 4008 IV
1323 3958 1339 4009 1
1358 3965 1384 4013 sl

129 4036 206 4085 ταῦθ’
224 4037 307 4098 οὕτως
322 4037 385 4101 ἔχει.
421 4037 482 4090 ἀλλ’
500 4040 576 4104 ἔστιν,
596 4042 657 4108 ἔφη,
677 4043 760 4105 οὕτως
780 4045 884 4109 ἔχοντα.
919 4042 960 4093 IV
978 4043 995 4094 3
1013 4047 1136 4110 διικνὺει,
1154 4048 1233 4098 ποίαν
1252 4047 1316 4098 ὁδὸν
1336 4049 1386 4118 αι’)-
1411 4109 1414 4117 ,

128 4123 190 4183 τοὺς
209 4124 248 4173 δεῖ
265 4124 378 4186 βαδίζειν
404 4152 447 4174 -.
484 4128 563 4176 ποίαν
582 4128 628 4178 οὖν
647 4131 709 4180 ὁδὸν
728 4131 834 4181 κελεύει
853 4133 965 4195 βαδίζειν
986 4132 1093 4201 XXV&
1125 4131 1156 4183 cf.
1182 4130 1205 4182 V
1233 4129 1256 4183 3.
1286 4129 1328 4182 VI
1358 4132 1384 4186 2.

130 4205 239 4274 VIIII,
258 4207 280 4258 2.
299 4206 324 4257 X
336 4206 360 4259 4.
379 4207 457 4259 XXV
477 4209 501 4262 3.
519 4209 639 4262 XXVIII
658 4211 680 4265 1.
699 4212 819 4264 XXXIII
836 4215 854 4266 4
870 4246 906 4256 -
933 4233 968 4268 ne
987 4217 1078 4268 dIcam
1096 4216 1130 4269 de
1148 4217 1291 4270 vocabulis
1310 4221 1381 4285 ὁρᾷς

128 4323 163 4332 -
187 4296 255 4359 ὁρῶ,
281 4297 360 4360 ὁρᾶτε
384 4326 419 4335 -
443 4299 546 4365 ὁρῶμεν
570 4301 728 4367 saepissime
752 4301 867 4355 iteratis.
895 4333 930 4344 -
960 4309 1017 4358 εἶτα
1047 4304 1186 4372 reperitur
1219 4303 1263 4356 his
1294 4306 1383 4358 etiam

128 4379 208 4431 locis:
228 4379 266 4430 VI
285 4381 308 4433 2.
325 4380 352 4431 Χ
372 4380 395 4434 4.
415 4382 455 4433 XI
473 4383 496 4452 1,
515 4384 538 4436 2.
557 4383 623 4435 XVI
639 4384 664 4455 3,
682 4384 705 4438 4.
726 4384 791 4436 XIX
811 4387 834 4438 1.
852 4386 946 4439 XXIX
964 4389 988 4442 4.
1007 4389 1113 4441 XXXII
1135 4390 1160 4444 4.

233 4468 257 4539 ²]
276 4469 342 4520 Bast
361 4473 508 4522 comment.
527 4470 665 4539 palaeogr.
684 4488 708 4541 p.
727 4471 778 4525 716
797 4487 837 4541 sq.
856 4472 924 4530 815..
