2864 4876
611 342 826 410 ..66-

96 522 258 600 exhibeat,
288 523 437 603 apertum
462 523 517 582 est.
562 517 741 601 Quaeritur
763 523 884 601 autem,
915 520 1026 579 utrum
1052 518 1153 580 etiam
1176 517 1343 582 vocabula

95 633 157 690 τῶν
173 622 392 708 eriperer),
420 641 507 706 quae
525 624 694 686 manifeste
712 623 977 684 commentatoris
1000 640 1136 683 manum
1160 619 1342 702 produnt²J,

94 731 285 812 praebuerit
312 745 424 791 necne.
469 727 518 790 Ac
547 745 634 809 quae
665 729 697 788 in
728 725 841 791 codice
870 726 1048 805 archetypo
1077 744 1178 806 supra
1206 744 1340 789 versum

96 840 188 897 erant
203 830 324 916 addita,
347 851 396 896 ea¹
410 835 588 915 utrumque
612 832 736 894 habere
759 830 906 896 codicem
930 827 1087 911 vidimus3
1118 830 1340 910 quemobrem

94 939 258 1002 vocabula
287 942 349 999 τῶν
373 931 564 1017 ἀνθρώπων,
595 935 715 1016 quibus
747 935 789 998 ab
823 934 931 1014 ipsum
954 932 1129 995 articulum
1153 939 1216 996 τῶν
1239 933 1342 996 uffen-

94 1040 243 1122 dimur³J‚
267 1041 409 1105 defuisse
425 1041 464 1102 in.
480 1038 592 1103 codice
615 1040 792 1119 archetypo
815 1035 1042 1119 statuendum3
1065 1035 1217 1131 videntur
1239 1039 1343 1118 igitur

94 1166 113 1211 e
145 1146 257 1210 codiee
288 1146 401 1226 aliqua
434 1145 519 1205 inter
552 1143 772 1222 archetypum
805 1145 837 1203 et
871 1139 1017 1203 codicem
1055 1137 1091 1208 A
1116 1141 1368 1223 'intercedenti

94 1254 263 1331 assumpta
292 1267 371 1312 esse.
415 1247 534 1331 Itaque
563 1247 663 1310 etiam
690 1247 743 1308 hic
770 1244 883 1310 codice
907 1240 938 1310 V
964 1245 1143 1328 integriora
1164 1245 1342 1308 traduntur

94 1355 236 1417 auctoris
259 1354 372 1417 verbe.

89 1511 93 1519 '
196 1509 230 1572 X
251 1510 281 1572 4.
303 1509 399 1572 Hunc
413 1510 523 1573 locum
539 1509 567 1572 si
582 1508 757 1572 contuleris
773 1525 919 1591 cum4e0,
942 1526 1043 1590 quem
1067 1506 1165 1570 moda
1189 1508 1340 1595 tractavi,

93 1631 157 1676 non
183 1614 279 1676 aliter
308 1605 520 1676 iudicandum
550 1611 694 1676 esse-de
724 1613 893 1677 vocabulis
920 1609 959 1673 ἐκ
981 1607 1208 1696 προαιρέσεως,
1240 1611 1341 1673 facile

94 1718 154 1781 tibi
175 1716 383 1800 persuadeas.
429 1716 477 1780 Ac
492 1714 622 1779 videtur
645 1717 747 1779 etiam
770 1704 969 1799 archetypus
992 1717 1063 1780 sola
1086 1717 1249 1780 'vocabula
1272 1714 1339 1777 ἀπὸ

92 1818 175 1904 τύχη
207 1805 431 1904 σοναντὴσασα
461 1818 624 1898 habuisse,
656 1821 825 1903 equibus,
856 1825 1030 1903 postquam
1054 1819 1119 1882 ἀτό
1141 1817 1242 1905 τύχης
1265 1821 1339 1884 sive

93 1927 235 1989 correxit
265 1926 384 2008 aliquis
414 1927 485 1989 sive
514 1943 592 1987 casu
614 1925 758 1988 litteram
783 1946 802 1987 σ
823 1925 873 1989 bis
895 1915 1032 2007 scripsit,
1063 1926 1159 1988 facile
1182 1930 1339 2007 corrupta

94 2034 142 2092 est
170 2031 331 2111 scriptura
364 2029 483 2093 codicis
507 2024 542 2095 V-
569 2027 649 2107 (ἀπό
680 2037 735 2112 τῆς
766 2027 866 2114 τύχης
890 2027 1094 2114 συναντὴοη).
1148 2028 1279 2094 Codicis
1301 2025 1338 2096 A

92 2134 252 2214 scriptura
267 2137 379 2196 autem
394 2134 477 2196 sicut
491 2135 524 2196 in
547 2152 573 2198 c.
596 2133 676 2197 VIII
699 2136 718 2196 1
742 2134 800 2196 alii
822 2135 907 2197 inter
932 2136 1042 2215 ipsum
1065 2139 1098 2197 et
1120 2135 1337 2216 archetypum

92 2233 306 2323 intercedenti
320 2236 465 2314 debetur,
488 2237 521 2300 in
537 2254 601 2320 quo
618 2237 781 2301 vocabula
803 2234 841 2298 ἐκ
863 2234 1079 2320 προαιρέσεως
1103 2257 1123 2301 a
1147 2243 1333 2301 correctore

92 2339 214 2425 aliqucj
236 2342 293 2423 qui
315 2341 377 2404 sub
392 2341 562 2404 vocabulis
585 2339 649 2402 ἀττό
665 2337 747 2425 τύχη
771 2341 875 2408 latere
892 2340 956 2403 ἀπό
973 2339 1075 2426 τύχης,
1097 2342 1338 2424 suspicabatur,

92 2447 263 2527 tamquam
279 2445 321 2508 ad
337 2446 419 2521 haec
435 2445 599 2509 vocabula
622 2445 819 2507 econtrario
841 2445 1037 2508 illustranda
1062 2445 1212 2528 apposita
1234 2450 1337 2509 erant.

92 2547 241 2632 Uterque
267 2547 365 2630 igitur
391 2547 496 2612 codex
527 2553 681 2630 corrupta
695 2549 829 2612 exhibet
857 2550 999 2613 auctoris
1022 2550 1134 2627 verba,
1155 2551 1202 2612 ita
1223 2554 1337 2613 tamen

92 2658 129 2714 ut
150 2655 283 2734 propius
312 2652 471 2733 accedant
500 2652 543 2715 ad
572 2653 713 2734 genuina
736 2653 840 2716 verba
870 2671 919 2737 ea,
952 2671 1040 2735 quae
1061 2654 1094 2715 iu
1116 2651 1152 2719 A
1173 2654 1336 2734 leguntur.

92 2754 275 2838 Quominus
305 2761 417 2821 autem
449 2776 525 2821 cum
548 2757 710 2821 Drosihnu
739 2760 771 2819 et
793 2757 833 2821 H.
856 2756 1000 2839 Sauppic
1030 2757 1076 2838 (p.
1109 2758 1188 2838 773)
1219 2756 1336 2822 deberi

92 2862 191 2922 ctiam
203 2861 404 2925 vocabulum
420 2858 644 2944 συναντήσασα
660 2860 710 2923 1111
725 2862 1132 2946 commentatoristatusm,
1148 2863 1335 2946 prohibeor,

91 2966 435 3048 praeterquamquod
456 2961 491 3035 V
513 2965 613 3029 habet
638 2962 833 3050 σνναντὴση,
867 2966 1009 3029 auctoris
1031 2964 1267 3030 consuetudine
1288 2966 1334 3029 di·

91 3066 202 3146 cendi,
237 3087 304 3150 qua
337 3071 370 3133 in
392 3071 453 3133 hcc
476 3087 609 3152 queque
631 3071 797 3132 enuntiato
820 3071 903 3134 sicut
924 3070 959 3131 in
990 3071 1175 3152 insequenti
1200 3068 1285 3149 (εἶτα
1306 3067 1335 3134 τί

90 3167 209 3254 γίνεται
232 3170 287 3236 ἐὰν
311 3171 332 3257 ἡ
356 3172 506 3258 μετάνοια
529 3174 616 3237 αὐτῶ
640 3172 835 3260 συναντήση)
867 3175 1031 3238 exstitisse
1056 3174 1151 3238 verbi
1178 3182 1332 3239 συναντᾶν

90 3277 234 3340 formam
257 3278 404 3361 aliquam
426 3278 609 3361 putandum
632 3282 689 3344 est.
743 3279 808 3343 Sed
835 3297 943 3362 neque
965 3279 1012 3341 ita
1035 3278 1127 3341 lucus
1149 3282 1198 3343 est
1225 3297 1334 3342 emen·

92 3537 505 3550 Ἤ

194 3781 218 3850 ¹J
242 3778 388 3847 Nusquam
411 3780 440 3831 in
466 3779 561 3832 tabula
584 3780 699 3832 additur
722 3779 866 3846 genetivus
890 3777 1027 3833 vocabulo
1052 3781 1149 3850 ὄχλοςε
1176 3777 1224 3832 12
1249 3781 1334 3850 ὄχλος

91 3869 179 3918 ἐδόκει
196 3869 257 3934 ἡμῖν
275 3868 359 3931 πολύς
377 3869 527 3934 ἐφεστάναι.
562 3863 577 3916 Ι
594 3865 610 3917 3
632 3868 718 3935 γέρων
736 3883 774 3930 τις
791 3895 826 3906 -
844 3870 1010 3933 προστάττων
1028 3885 1052 3920 τι
1070 3873 1108 3935 τῷ
1127 3871 1230 3920 statera
1249 3870 1333 3936 ὄχλῳ.

90 3950 127 4001 IV
154 3952 168 4002 2
193 3959 240 4006 καὶ
264 3956 279 4006 ὄ
305 3955 389 4021 ὄχλος
413 3956 428 4006 ὄ
451 3955 633 4018 πολύςό-
657 3955 781 4019 ἐφεστὼς.
817 3951 1075 4022 Ήεῑοπορτύεται
1093 3957 1108 4007 ὄ
1127 3956 1218 4022 ὄχλος.
1260 3953 1335 4005 vla

91 4043 154 4092 ὅταν
173 4042 219 4093 ούν
238 4043 421 4108 τίοττορεύητατ
438 4043 453 4093 ὄ
472 4043 563 4108 ὄχλος.
615 4038 725 4092 Dalevit
753 4040 889 4137 vocabula
913 4059 935 4097 τ.
959 4044 984 4096 ἀ.
1009 4040 1089 4094 Dros.
1113 4043 1278 4094 assentiente
1301 4041 1335 4095 H.

91 4125 213 4194 Sauppic
231 4127 269 4197 [p.
287 4125 358 4196 770).

195 4213 219 4282 ²J
239 4212 357 4265 Videtur
374 4213 426 4266 hoc
444 4214 635 4267 additamento
654 4214 873 4284 homiues1psos
892 4217 956 4287 (ὄόὄ
970 4219 1054 4283 πολύς
1073 4217 1170 4288 ὄχλος)
1193 4231 1335 4286 opponere

90 4298 210 4351 valuisse
234 4300 383 4352 hominum
405 4303 484 4354 effect
473 4301 548 4354 tibus
576 4302 664 4371 (δόξαν
679 4307 727 4356 καὶ
744 4304 878 4372 ἐπιθυμίαι
894 4309 942 4358 καὶ
958 4305 1052 4374 ἡδοναὶ
1069 4302 1109 4355 VI
1127 4303 1175 4375 2),
1203 4304 1253 4372 qui
1281 4301 1335 4356 sub

90 4387 258 4442 sarcinarum
275 4387 445 4455 imaginibus
463 4389 600 4457 effingunt
600 4405 635 4440 ur
653 4390 772 4459 (πληθύς
788 4408 813 4443 τι
830 4396 964 4459 γυναικῶν
982 4390 1019 4442 VI
1037 4391 1074 4461 1J.

194 4474 219 4545 ³]
237 4473 250 4525 I
267 4473 291 4527 3.
309 4473 349 4527 VI
366 4475 383 4527 1
399 4477 505 4546 πλῆθος
521 4493 546 4530 τι
563 4482 706 4546 γυναικῶν.
736 4475 789 4528 XX
806 4475 823 4528 2
840 4480 923 4545 χορὸν
940 4483 1083 4547 γυναικῶν.
