2864 4876
654 362 860 426 ..70-

244 535 357 620 Quare
378 538 411 599 in
434 540 610 619 utramque
633 536 818 612 editionem,
845 553 865 597 e
888 551 952 616 quo
979 532 1090 596 codice
1117 532 1284 597 videretur
1308 549 1382 595 esse

141 659 311 723 expressa,
348 641 511 722 inquisivi.
556 640 604 702 Ac
627 637 813 720 Calliergae
835 637 971 720 quidem
994 637 1169 700 editionem
1203 672 1245 682 -
1276 654 1381 717 quam

141 745 360 809 Romanam
390 744 560 825 appellare
582 743 770 823 placet-e
792 740 903 805 codice
916 736 952 806 K
974 759 1045 804 esse
1061 759 1250 821 expressam
1267 739 1383 802 multis

140 849 218 911 licet
240 847 411 911 ostendere
433 847 528 924 locis,
552 847 712 928 imprimis
735 850 847 908 autern
869 845 940 907 loco
964 863 983 906 e
1005 864 1030 906 c.
1053 845 1217 909 XXXVII
1239 845 1259 907 3
1282 863 1303 906 a
1326 861 1384 905 me

141 970 241 1033 supra
268 934 312 1033 (p.
335 951 393 1030 33)
426 949 569 1028 laudato,
604 951 661 1013 ubi
690 950 836 1013 codicem
859 944 895 1014 K
926 942 997 1016 ec
1031 966 1103 1010 esse
1133 949 1383 1027 transscriptum

142 1054 219 1133 dixi,
243 1055 364 1131 atalia,
388 1055 445 1136 qui
462 1057 569 1116 exstat
584 1055 617 1115 in
632 1073 659 1116 e.
683 1053 749 1116 XX
770 1055 800 1131 4,
822 1055 879 1118 ubi
902 1054 991 1116 solus
1008 1048 1044 1118 K
1059 1056 1090 1114 et
1114 1050 1213 1114 editio
1229 1052 1386 1114 Romana

141 1158 300 1240 praebent
322 1158 486 1221 voeabula
507 1153 536 1219 τί
558 1158 620 1240 γὰρ
643 1157 698 1219 οὖν
722 1175 781 1237 pro
802 1163 980 1240 τοιγαροῦν.

245 1260 353 1324 Editio
369 1261 490 1324 Aldina
513 1279 574 1324 non
596 1263 727 1324 omnino
750 1263 908 1326 consentit
930 1280 1005 1323 eum
1023 1257 1074 1342 K3
1097 1260 1154 1323 sed
1179 1261 1235 1323 ubi
1258 1259 1387 1322 recedit

144 1365 187 1428 ab
212 1382 258 1442 eo,
289 1366 477 1429 manifestas
506 1366 696 1427 correctoris
725 1364 970 1428 emendationes
1000 1364 1148 1448 exhibet3
1183 1365 1276 1426 velut
1298 1364 1341 1446 iu⁴
1356 1382 1384 1425 c.

92 1537 95 1544 ,
142 1468 294 1531 xxxin
319 1468 467 1532 additum
484 1468 747 1532 est-vccabulum
762 1487 816 1547 τις,
839 1469 927 1550 quod
945 1485 1059 1531 ornnes
1081 1470 1231 1549 ignorant
1253 1467 1387 1530 codices

143 1591 226 1649 msa,
247 1576 320 1653 post
341 1569 435 1657 λάβῃ.
482 1573 658 1635 Praeterea
687 1574 792 1635 multa
822 1573 922 1636 habet
954 1592 1029 1634 cum
1058 1572 1200 1634 editione
1230 1573 1387 1634 Romana

143 1677 339 1759 communia,
362 1677 482 1758 quibus
504 1677 562 1738 illa
585 1675 694 1742 differt
716 1695 736 1738 a
758 1677 870 1740 codice
890 1672 936 1760 K,
958 1677 1061 1739 itaut
1083 1676 1180 1738 facile
1204 1674 1386 1738 editionem

144 1779 299 1843 Aldinam
322 1798 340 1842 e
363 1781 514 1843 Romana
536 1797 609 1846 esse
638 1789 825 1861 expressam
854 1781 914 1844 libi
936 1779 1143 1862 persuadeas.
1188 1776 1284 1861 Quod
1308 1796 1389 1840 eum

143 1900 207 1947 non
229 1884 329 1966 possit
350 1884 491 1968 probari,
523 1885 550 1946 si
575 1884 709 1966 quidem
740 1890 829 1948 reete
851 1885 963 1947 statuit
985 1885 1115 1959 anet,
1146 1884 1228 1944 haec
1251 1899 1390 1963 quoque

145 1987 291 2052 ecodice
306 1983 343 2054 K
358 1989 411 2051 vel
428 1989 494 2051 alio
513 1989 543 2051 ei
565 1989 732 2051 simillimo
756 1989 889 2051 fluxisse
911 1987 1057 2070 putanda
1079 1985 1165 2066 est.¹)

248 2108 419 2192 Quaeres
449 2127 524 2171 eum
546 2111 593 2173 ila
619 2129 655 2174 se
681 2111 811 2194 habeat
833 2111 924 2173 nulla
948 2109 1079 2173 omnino
1102 2124 1210 2190 neque
1234 2097 1389 2170 editionis

145 2212 286 2275 Aldinae
315 2231 376 2277 nee
404 2215 575 2277 Romanae
606 2218 654 2277 est
683 2216 767 2278 ratio
801 2213 961 2297 habenda,
994 2215 1055 2275 nisi
1086 2230 1209 2288 eorum,
1241 2212 1300 2293 qui
1331 2229 1390 2274 eas

145 2322 350 2394 curaverunt,
373 2318 575 2380 coniecturas
598 2319 680 2381 velle
703 2335 907 2399 cognoscere.

144 2542 557 2553 -υ--ι--ι-

146 2762 174 2814 L.
199 2762 308 2815 Schilck
336 2762 425 2814 Aldus
451 2762 598 2814 Manutius.
641 2761 741 2815 Berlin.
768 2762 843 2815 1862.
879 2779 904 2831 p.
932 2763 972 2816 52.
1002 2762 1157 2830 Schweigh.
1186 2763 1263 2816 1798.
1303 2767 1389 2832 praei.

146 2867 171 2918 p.
189 2848 324 2901 CXXXII.
342 2879 375 2889 -
404 2848 493 2900 Huius
511 2848 640 2901 editi0nis
659 2849 802 2916 exemplar
819 2851 849 2899 in
868 2849 934 2902 bibl.
953 2852 1028 2919 regia
1045 2849 1148 2902 Monac.
1166 2855 1308 2902 servatum
1327 2853 1386 2921 ipse

95 2967 97 2971 ν
146 2936 198 2989 hoc
216 2951 289 2988 anno
309 2935 603 3002 contuliviroeburgi.
950 2975 951 2979 ,

252 3024 274 3092 ¹]
298 3021 354 3088 Qui
378 3025 472 3090 postea
494 3022 642 3074 ediderunt
660 3021 795 3092 libellum,
813 3039 903 3091 usque
920 3024 955 3076 ad
973 3023 1005 3076 H.
1020 3023 1157 3076 Wolfium
1176 3024 1272 3094 [1560]
1291 3041 1388 3078 omnes

147 3108 268 3177 pendent
286 3109 321 3159 ab
339 3108 460 3160 editione
478 3108 591 3178 Aldina,
609 3110 649 3160 ita
667 3114 698 3161 ut
717 3108 782 3161 haee
801 3111 836 3162 sit
854 3110 983 3183 vulgatae
1002 3112 1232 3181 fundamentum⁴3
1251 3111 1284 3164 H.
1303 3113 1388 3181 Wolf,

147 3196 197 3263 qui
214 3196 355 3247 nltebatur
372 3197 401 3247 in
419 3195 540 3248 editione
557 3195 680 3248 Basiloae
698 3213 720 3248 a
746 3197 814 3249 1547
840 3198 875 3249 ab
892 3197 951 3250 Ioa
970 3198 1095 3265 Oporino
1120 3199 1230 3266 emissa,
1262 3213 1335 3264 qnae
1353 3217 1387 3251 ex

147 3281 316 3333 Aldinarum
334 3282 490 3334 editionum
507 3283 602 3351 aliqua
619 3284 730 3336 videtur
748 3300 807 3336 esse
825 3301 962 3354 expressa,
990 3287 1029 3336 ita
1047 3290 1139 3337 tamen
1157 3288 1188 3336 ut
1207 3283 1304 3336 multis
1322 3284 1387 3338 locis

147 3368 233 3420 verba
250 3370 306 3421 siut
323 3373 467 3437 corrupta,
494 3369 582 3421 multa
607 3375 634 3422 et
652 3372 681 3422 iu
700 3373 824 3438 margine
842 3373 916 3423 etin
936 3373 1010 3424 notis
1029 3373 1165 3441 correxit3
1192 3371 1267 3423 hune
1294 3376 1387 3424 autem
1417 3355 1420 3361 ’

147 3456 234 3508 secuti
257 3459 322 3506 sunt
346 3455 472 3523 plerique
487 3455 607 3508 editores
626 3472 713 3524 usque
732 3457 768 3508 ad
787 3457 941 3526 Schweigh.
960 3457 1068 3528 (1798).
1098 3460 1177 3525 pauci
1196 3475 1211 3510 e
1230 3457 1315 3511 Gron.
1334 3459 1387 3510 edi-

149 3543 225 3594 tione
245 3541 339 3612 (1689)
357 3558 420 3594 suas
439 3548 605 3595 curaverunt
623 3545 799 3597 recudendas.
