2864 4876
606 341 818 402 ..62-

89 511 124 576 δὲ
153 549 195 558 -
228 510 257 576 τί
279 511 330 575 δεῖ
348 519 449 576 ποιεῖν
474 545 517 559 —-
537 511 593 574 καί
614 509 708 576 ποίαν
731 509 805 576 ὁδδν
830 511 944 587 αὐτοὺς
968 509 1019 574 δεῖ
1040 509 1187 597 βαδίζειν.
1228 512 1334 576 Voca-

88 619 168 682 bula
185 616 283 681 -ποίαν
307 637 338 680 ιι.
360 635 388 679 ι.
411 614 440 678 λ.
476 619 564 680 enim
600 618 775 699 quominus
807 635 874 679 una
907 636 982 678 cum
1012 617 1173 681 vocabulo
1195 613 1335 679 δεικνύει

89 720 266 799 deleamus,
289 723 503 803 prohibemur
525 723 675 785 auctoris·
695 720 930 783 consuetudine
953 720 1102 798 dicendi,
1134 721 1192 802 qui
1213 719 1333 788 eadem

88 825 171 886 solet
193 831 342 906 repetere
365 825 477 903 verba,
501 825 589 907 quod
612 827 680 887 iam
702 843 802 906 supra
824 825 868 905 (p.
892 822 948 903 18)
973 827 1095 887 monui.
1137 824 1202 888 Sed
1225 825 1258 886 in
1282 841 1335 886 co·

89 929 160 991 dice
183 929 213 995 Α
221 979 229 1011 ,
265 934 495 1011 praeterquam
520 929 607 1011 quod
631 929 731 992 habet
755 925 894 1011 μέλλωσι
918 925 1088 1005 σώζεσθαι,
1123 928 1215 991 deest
1236 946 1336 991 voca·

88 1036 204 1099 bulum
227 1033 282 1095 ιιαί
304 1037 379 1096 ante
401 1029 553 1110 δεικνύει,
589 1052 663 1095 cum
698 1033 855 1114 posthoc
883 1038 990 1096 exstet
1007 1032 1097 1096 aliud
1121 1031 1337 1115 vocabulum,

85 1138 176 1221 ¹quod
210 1158 288 1200 num
318 1138 415 1199 fuerit
438 1134 483 1218 δὲ,
519 1137 647 1200 dubitet
669 1138 709 1199 H.
731 1137 846 1200 Dnlac.
900 1137 1026 1201 Tamen
1048 1136 1247 1201 vocabulum
1273 1133 1336 1197 δει-

88 1241 175 1305 κνύει
191 1242 263 1304 dico
275 1242 635 1311 commentatorialicui
650 1240 771 1319 deberi,
787 1240 893 1322 quiid
911 1242 944 1303 in
960 1243 1131 1323 utriusque
1146 1240 1268 1305 codicis
1283 1258 1336 1305 ar-

88 1347 229 1426 chetypo
252 1363 352 1426 supra
377 1352 510 1407 versum
540 1344 679 1422 addidit;
713 1345 874 1425 particula
897 1342 963 1424 ,aaz
985 1349 1118 1427 autem,
1151 1361 1219 1426 qna
1243 1341 1336 1408 haud

89 1449 189 1511 dubie
212 1448 352 1511 alterum
374 1449 577 1524 enuntiatum
616 1444 726 1525 (ποίαν
751 1445 825 1511 ὁδὸν
848 1466 879 1509 ιι.
902 1467 929 1510 τ.
953 1444 999 1522 λ.)
1029 1467 1105 1510 oum
1127 1445 1337 1511 antecedenti

90 1559 161 1615 erat
190 1552 414 1628 coniunctum,
452 1569 530 1614 casn
566 1552 677 1633 aliquo
708 1553 893 1630 interierat,
935 1553 1018 1614 alter
1047 1553 1146 1632 igilur
1176 1551 1335 1615 librarius

89 1657 225 1719 inseruit
247 1655 443 1736 particulam
456 1652 505 1739 δὲ,
529 1673 605 1717 cum
628 1656 725 1719 alteri
746 1656 946 1719 vocabulum
969 1653 1025 1718 ιιοιι
1046 1657 1152 1736 magis
1175 1656 1338 1738 placeret,

89 1764 159 1823 sive
182 1760 301 1822 melius
322 1760 473 1839 cognovit
494 1773 596 1823 verae
617 1760 798 1840 scripturae
816 1761 955 1848 vestigia
969 1761 1040 1823 sive
1056 1760 1183 1823 felleius
1195 1760 1337 1841 invenit,

86 1869 226 1944 uterque
259 1867 371 1926 autem
404 1863 569 1942 glossema
600 1864 634 1925 in
665 1863 768 1934 verba
800 1865 931 1945 recepit.
1000 1861 1112 1945 Quare
1132 1849 1135 1853 ’
1156 1864 1218 1925 hoc
1261 1862 1337 1926 loco

91 1969 123 2030 in
156 1961 324 2035 codiceV
357 1967 500 2047 genuina
522 1966 653 2029 videtur
675 1973 807 2030 exstare
829 1967 1009 2046 scriptura,
1042 1965 1119 2043 sed,
1153 1970 1266 2028 utrum
1291 1983 1336 2028 ex

91 2073 271 2164 ιιιοιιοιγρο
294 2071 335 2133 sit
358 2074 491 2133 servata
512 2088 558 2133 an
581 2089 604 2133 e
622 2071 811 2134 coniectura
828 2074 912 2147 orta,
935 2075 984 2134 est
972 2070 1152 2134 tdubium

90 2170 94 2178 '
196 2175 276 2238 Vl.
295 2171 377 2255 ὁρᾶς
400 2173 456 2235 οὖν
479 2171 547 2234 εἰπε
569 2170 689 2241 Α.
727 2172 803 2257 ὁρᾶς
837 2170 970 2241 εἶπεν.
1018 2175 1225 2239 Vocabulum
1250 2147 1331 2251 elue,

91 2297 165 2341 curn
189 2295 352 2359 nusquam
375 2277 559 2357 proverbe
582 2274 679 2369 φάναι
702 2277 858 2341 adhibeat
845 2282 897 2339 tur
920 2276 1034 2354 εἰπεῖν,
1069 2296 1142 2341 esse
1163 2279 1335 2366 glossema

91 2383 244 2446 manil'tes
246 2399 317 2458 um,
346 2397 386 2443 ac
415 2378 546 2454 videtur
579 2380 755 2463 quidem
747 2402 780 2444 m
815 2382 986 2463 utriusque
1007 2381 1128 2446 codicis
1150 2383 1338 2463 archetypo

90 2504 191 2565 supra
223 2482 422 2548 vocabulum
450 2483 506 2546 οὖν
540 2484 641 2548 luisse
673 2484 874 2566 appositum,
910 2485 994 2549 alter
1029 2489 1086 2547 aul
1087 2505 1139 2550 em
1177 2485 1337 2550 librarius

92 2593 269 2669 utrumque
284 2587 483 2652 vocabulum
498 2589 630 2668 recepit,
653 2588 738 2651 alter
753 2588 1010 2669 suprascriptum
1029 2592 1200 2671 tamquam
1217 2608 1337 2653 reram

91 2693 176 2771 scrip
178 2696 286 2753 turam
309 2690 416 2771 solum
439 2691 583 2752 retinuit.
728 2733 731 2737 ι

53 2868 56 2873 ¹
195 2795 408 2873 Fortasset
376 2794 476 2857 etiam
505 2795 539 2855 in
569 2811 594 2857 c.
617 2795 713 2859 VIII
722 2796 744 2858 4
767 2797 965 2860 vocabulum
990 2793 1216 2880 διαλεξόμεθα,
1243 2797 1334 2880 quod

91 2900 192 2963 habet
180 2893 254 2984 tV,
277 2917 296 2962 e
317 2897 483 2979 glossam
504 2897 616 2961 codice
646 2899 731 2961 inter
758 2902 973 2982 archetypum
1002 2907 1034 2965 et
1056 2898 1120 2969 V
1112 2909 1160 2965 ιιιι
1147 2902 1337 2966 tercedente

91 3023 191 3085 supra
213 2949 376 3081 rdoabula
397 2987 564 3083 ἐιιποιήοει
585 2998 793 3086 διαλέγεσθαι
815 3007 921 3086 posita
942 3011 1053 3070 ortum
1074 3010 1132 3070 est.

194 3106 311 3171 XXIII
332 3107 360 3170 1.
404 3113 482 3168 ποῖοι
496 3111 603 3199 Δτοιῦτοι
626 3103 729 3190 λέγεις
751 3105 857 3192 θηρία
870 3105 915 3177 Α.
959 3111 1083 3175 Deesse
1107 3110 1237 3174 videtur
1259 3111 1335 3174 arti·

91 3212 185 3276 culus
211 3210 274 3293 τὰ,
290 3228 392 3292 quem
420 3210 521 3274 habet
550 3204 598 3290 V;
630 3210 686 3274 sed
721 3213 774 3275 hio
802 3231 938 3297 quoque
971 3215 1227 3295 transscripsisse
1261 3214 1334 3278 dico

92 3335 179 3400 eum,
209 3315 266 3398 qui
288 3313 443 3398 codicem,
473 3316 565 3378 cuius
587 3317 816 3397 apographum
839 3322 887 3382 est
909 3314 953 3395 A,
977 3318 1135 3394 exaravit,
1166 3335 1255 3400 quae
1278 3337 1334 3382 ex·

92 3424 241 3486 stiterunt
254 3420 289 3483 in
304 3420 495 3501 archetypo,
517 3420 659 3484 alterum
681 3424 793 3484 autem
815 3421 988 3489 librarium
1010 3421 1221 3509 vocabulum,
1244 3421 1334 3503 quod

93 3523 356 3600 desiderabatur,
386 3522 569 3586 inseruisse.
621 3522 719 3586 Haud
746 3523 847 3588 dubie
879 3526 967 3595 enim
1001 3512 1202 3590 vocabulum
1235 3523 1335 3610 θηρία

93 3635 263 3710 tamquam
291 3627 454 3707 glossema
487 3625 665 3690 delendum
696 3632 761 3711 est,
794 3633 905 3692 utrum
939 3636 1052 3693 autem
1085 3631 1119 3692 in
1151 3631 1335 3712 archetypo

93 3751 193 3814 supra
213 3749 349 3794 versum
368 3731 467 3794 fuerit
489 3729 638 3794 additum
657 3749 699 3794 an
721 3731 788 3794 iam
811 3719 844 3796 in
867 3736 1008 3797 auctoris
1031 3734 1133 3798 verba
1155 3740 1335 3816 receptum,

93 3837 248 3919 dubium3
280 3835 364 3898 alter
397 3835 496 3916 igitur
531 3836 638 3898 solum
673 3836 733 3900 hoo
766 3838 964 3901 vocabulum
998 3839 1062 3922 vel,
1095 3856 1162 3921 quo
1194 3836 1268 3903 loco
1304 3840 1336 3902 ei

94 3940 276 4016 videbatur,
316 3940 439 4020 recepit
467 3940 531 4024 vel,
564 3958 630 4022 quo
664 3942 872 4022 reppererat
903 3944 1128 4025 transscripsit,
1168 3943 1260 4020 alter',
1301 3947 1337 4008 ut

93 4045 203 4108 omnia
232 4048 321 4107 recte
348 4045 571 4128 cohaererent,
600 4061 664 4107 non
690 4046 797 4108 solum
827 4046 952 4110 addidit
975 4047 1174 4111 vocabulum
1196 4032 1247 4128 τὰ,
1276 4047 1335 4112 sed

94 4148 308 4212 commutavit
330 4149 430 4210 etiam
452 4148 630 4211 verborum
653 4144 810 4213 ordinem
1312 4174 1314 4178 ·

196 4253 245 4315 111
268 4253 296 4317 2.
323 4249 388 4314 ἔστι
410 4251 472 4335 γὰρ
493 4249 572 4335 ηξ
538 4249 684 4337 ἐξήγησις
705 4259 750 4316 τῶ
773 4261 828 4337 τῆς
852 4255 984 4339 σφιγγδς
1007 4251 1164 4338 αἰνίγματι
1187 4255 1204 4318 δ
1225 4199 1332 4342 ἐκείνη

93 4352 312 4441 προεβάλλετο
341 4363 407 4431 τοῖς
436 4354 618 4439 ἀνθρώποις
648 4353 691 4424 Α.
742 4358 855 4423 Νοιι
847 4364 976 4440 integra
1008 4378 1079 4423 esse
1114 4361 1196 4423 haec
1228 4361 1335 4426 verba

93 4479 190 4528 nemo
223 4465 279 4557 est,
311 4462 391 4546 quin
424 4461 543 4532 videat.
597 4459 776 4545 Quaeritur
809 4482 852 4525 au
854 4468 930 4542 tem,
967 4462 1133 4547 quomodo
1162 4465 1208 4535 sit
1241 4464 1334 4530 locus
