2864 4876
610 332 739 416 ..''45
784 385 824 400 ..

81 531 201 618 'quibas
224 529 270 594 at.
287 524 478 592 ‘Meibomias
498 524 617 612 alipta
632 507 776 607 correcti,
796 504 1011 615 acaciique
1023 525 1078 589 iis
1097 534 1177 610 quae
1192 525 1265 610 jara
1288 533 1334 616 tp-

90 638 141 721 pis
162 633 297 698 describi
319 635 504 708 curaverat,
537 649 646 725 raam
668 630 764 695 etiam
786 627 917 694 schedas
939 629 1044 693 omnes
1065 636 1123 693 τοῦ
1146 630 1334 718 μακαρίτου,

95 744 121 804 et
154 738 275 803 codices
308 735 463 818 Epicteti,
506 753 639 818 qaorum
661 731 877 818 'marpiaibus
909 731 1034 817 aliquid
1066 732 1201 818 additam
1233 741 1335 823 suspi·
1383 813 1386 818 ,

95 843 200 907 cobar.
222 888 230 908 .
253 888 261 905 .
329 839 419 904 Iater
441 837 518 903 ttaec
539 838 678 903 irretiri
692 835 840 921 forsitan
862 837 1025 918 uorautta,
1049 852 1129 924 qaae
1151 837 1196 904 ct.
1221 837 1335 907 Meiba·

94 948 175 1010 miae
205 946 322 1032 praeto
352 950 380 1009 ct
417 944 482 1008 tuci
509 943 658 1028 publicae
680 943 747 1026 ipsc
768 939 856 1006 iuuet
878 960 1037 1027 qucquam
1059 939 1240 1023 destinarit,
1271 966 1336 1015 nort

94 1071 178 1135 repo.
200 1083 208 1116 t
230 1097 239 1114 .
262 1100 269 1115 .
315 1049 369 1129 (ci.
394 1049 495 1112 etiam
523 1050 624 1131 praef.
644 1046 689 1111 ad
712 1051 805 1110 notas
827 1046 946 1112 breves
968 1050 1069 1130 atque
1090 1044 1336 1115 emendationes

65 1173 74 1181 ·
95 1148 225 1219 Claudii
247 1151 403 1219 Salmasii
423 1153 457 1216 in
479 1151 635 1216 Manuale
657 1150 798 1233 Epicteti
819 1168 850 1232 p.
873 1149 942 1230 35].
971 1148 1100 1234 Quibus
1124 1151 1212 1237 iocis⁷
1235 1164 1336 1235 qua'm

95 1259 357 1340 facile-potuerit
378 1275 492 1322 ern-ane
511 1255 700 1334 Relandus,
737 1256 815 1319 satis
838 1258 918 1336 puto
941 1250 1216 1336 demonstrarit
1241 1255 1337 1340 Quae

97 1365 155 1429 etsi
176 1363 220 1426 ad
241 1363 433 1445 Epictetum
449 1363 482 1426 et
503 1365 595 1424 notas
617 1361 814 1443 plerumque
837 1356 1009 1440 pertinent,
1031 1375 1096 1422 non
1119 1362 1178 1444 est
1199 1377 1258 1423 cur
1279 1362 1338 1425 ali·

96 1473 144 1532 ter
176 1468 277 1530 inisse
310 1467 343 1530 in
365 1449 490 1530 cebete
519 1469 552 1530 et
573 1464 723 1528 variante
744 1463 908 1544 scriptura
930 1466 1092 1544 putemus.
1138 1463 1248 1547 Atque
1270 1466 1339 1530 aiis

98 1573 195 1636 etiam
209 1589 252 1635 ex
263 1571 334 1652 ipso
347 1571 409 1633 boc
419 1568 532 1634 libello
540 1567 738 1657 documenta
744 1567 823 1630 licet
833 1582 986 1647 promere
998 1565 1041 1630 ad
1057 1567 1254 1633 firmandam
1266 1584 1340 1634 sen-

97 1677 231 1740 tentiam
253 1678 415 1758 noetram3
445 1669 523 1737 dicit
547 1672 635 1736 enim
658 1669 827 1734 Relandus
850 1669 931 1749 (1.1.
953 1689 984 1752 p.
1008 1671 1066 1752 35]
1098 1663 1297 1737 salmasium
1320 1694 1339 1739 e

98 1762 207 1844 vetere
229 1777 343 1847 codice
363 1795 465 1841 manu
488 1780 624 1840 exarato
647 1772 805 1838 nonnulla
826 1776 1028 1860 correxisse3
1051 1777 1131 1841 nihil
1154 1777 1254 1860 igitur
1270 1798 1338 1843 em-

99 1883 246 1965 pliusde
269 1884 331 1947 hoe
353 1881 465 1946 codice
487 1879 617 1944 videtur
638 1878 804 1943 addidisse
826 1878 1021 1966 Salmasius3
1044 1874 1336 1961 Schweighaeuser

70 1990 76 1996 “
99 1970 207 2050 autem
228 1982 719 2067 (1798.praef.p.va111sq.)
744 1983 894 2065 pluribus
918 2000 995 2046 eum
1019 2000 1091 2047 esse
1112 2003 1210 2048 usum
1233 1985 1341 2050 docet.

100 2088 161 2174 Qui
190 2090 280 2154 idem
312 2090 359 2170 (p.
387 2086 496 2152 LXXI
529 2090 592 2170 sq.)
624 2087 771 2152 codicem
794 2086 1033 2151 Gerdesianum
1069 2106 1087 2152 e
1117 2090 1338 2171 complurium

100 2194 277 2258 editionum
297 2193 465 2275 scripturis
487 2193 521 2256 iu
542 2211 645 2255 unum
669 2194 764 2274 quasi
787 2205 904 2273 corpus
926 2190 1100 2256 contractis
1122 2199 1271 2258 cannara
1293 2195 1339 2260 lo·

100 2299 141 2362 cis
162 2299 271 2361 allatis
293 2295 441 2374 ostendit,
464 2299 496 2359 et
517 2296 561 2376 (p.
584 2293 676 2358 LXX
697 2299 782 2359 nota
806 2293 963 2376 CXXIV)
985 2295 1106 2360 fatetur
1127 2317 1159 2361 se
1175 2297 1339 2364 certiorem

101 2417 158 2466 esse
172 2400 303 2486 jactam
325 2421 346 2464 a
368 2399 458 2464 docto
474 2398 600 2482 jurene,
624 2397 783 2483 Stephano
809 2397 936 2484 Peterin·
951 2416 1041 2484 pacm
1064 2419 1100 2465 ea
1123 2402 1235 2466 caussa
1259 2423 1339 2467 corn·

98 2505 265 2588 pettauerit,
289 2504 414 2569 auitum
435 2503 527 2568 hodie
545 2501 692 2587 Hasaiae
714 2522 770 2567 aee
792 2503 827 2567 iro
849 2503 921 2588 ipsa
944 2501 1140 2569 Bibliotheca
1162 2507 1259 2589 rapio,
1284 2524 1340 2572 occ

100 2610 130 2672 ia
152 2609 302 2694 Octaiopo
326 2608 473 2674 codicum
490 2605 661 2672 Msstorcrrn
672 2656 682 2688 ‚
719 2627 775 2671 aec
798 2607 877 2671 aiibi
888 2657 895 2685 ,
909 2610 914 2620 ‘
930 2608 1093 2692 aestipiam
1114 2607 1203 2673 iltius
1225 2609 1340 2675 codicis

100 2740 138 2760 ⁴—
160 2712 203 2777 de
218 2713 369 2795 Epicteto
387 2712 534 2795 loquitur
556 2747 600 2758 —
622 2718 756 2777 castore.
811 2710 927 2793 Adde,
960 2712 1049 2795 quod
1072 2717 1104 2776 et
1125 2713 1196 2794 ipse
1219 2718 1252 2777 et
1274 2715 1340 2800 alii,

99 2819 153 2902 qui
175 2836 253 2882 mea
273 2818 381 2900 gratia
396 2817 562 2880 Hanniam
584 2853 628 2863 —
649 2833 714 2879 nan
736 2815 779 2880 de
804 2813 928 2880 Cebete
961 2816 1069 2881 solum
1092 2816 1152 2882 sed
1175 2816 1276 2881 etiam
1298 2818 1340 2883 de

45 2971 48 2976 n
97 2917 250 3006 Epicteto¹
268 2953 307 2969 -
331 2922 456 2985 litteras
479 2919 649 2999 dederunt,
671 2921 752 2984 nihil
774 2921 1006 3006 comperimus,
1027 2921 1075 2984 ita
1096 2923 1133 2984 ut
1154 2936 1272 2986 revera
1294 2922 1341 2987 ibi

96 3045 159 3092 non
181 3031 313 3091 exstare
334 3025 622 3090 videatursscodex.
674 3024 775 3088 Aliud
799 3026 899 3088 etiam
921 3024 1043 3088 afferre
1065 3025 1171 3090 liceat
1202 3020 1339 3089 'Meiba-

96 3135 181 3198 miua
202 3130 370 3214 possidere
391 3149 428 3194 se
449 3129 597 3195 codicem
618 3147 720 3193 manu
741 3128 899 3210 scriptum
922 3125 1091 3213 dicebat),
1113 3146 1179 3211 quo
1198 3130 1338 3194 contine·

94 3240 208 3300 rentur
230 3235 423 3314 Hieronymi
446 3234 679 3298 coilimentarii·
696 3234 738 3296 in.
752 3233 873 3297 librum
886 3229 988 3314 J0b³),
1013 3250 1095 3315 quos
1117 3234 1253 3314 periisse
1275 3226 1341 3315 opi·

94 3339 279 3424 nabentem
312 3340 397 3402 hunc
420 3337 567 3420 codicem
591 3337 711 3401 obtulit
732 3337 841 3418 legato
863 3336 957 3418 regis¹
975 3327 1215 3421 Francogailici
1237 3339 1342 3418 pretio

94 3443 212 3508 decem
235 3442 364 3505 milium
386 3441 583 3506 florenorum
606 3439 799 3523 emendum3
832 3458 933 3522 quem
964 3458 1061 3504 nemo
1084 3460 1232 3525 unquam
1253 3441 1342 3505 vide·

93 3552 150 3611 tur
169 3547 301 3632 vidisse,
324 3565 400 3611 cum
422 3545 514 3617 nulla
535 3547 592 3608 dat
608 3544 741 3624 mentio,
765 3563 844 3609 num
856 3548 928 3625 post
941 3545 1011 3622 cius
1023 3549 1165 3610 mortem
1177 3545 1341 3610 inbibiio·

93 3652 256 3716 thecasit
277 3655 436 3733 repertus.

173 4110 176 4117 '
202 4113 225 4186 ¹)
247 4110 388 4167 Facillime
406 4115 520 4184 quidem
537 4115 654 4167 insenuit
672 4110 800 4168 codicum·
815 4115 959 4185 scripturis
975 4094 1182 4171 emendatiiines
1210 4108 1344 4187 interpre-

90 4200 279 4272 tationesque,
297 4218 425 4273 quarum,
442 4201 568 4254 libellum
585 4202 711 4270 aliquem
729 4203 797 4256 dum
806 4203 883 4274 legis,
901 4219 981 4272 saepe
989 4205 1066 4256 venit
1082 4207 1112 4257 in
1125 4210 1246 4258 mentem
1263 4222 1343 4276 quas-

91 4305 154 4361 que
170 4290 264 4341 statim
282 4306 312 4342 re
329 4288 502 4342 considerata
519 4290 627 4342 reicies.

203 4393 226 4463 ²]
244 4392 338 4462 Biogr.
354 4395 429 4446 univ.
447 4392 488 4446 28.
506 4410 531 4462 p.
551 4393 609 4446 142.
644 4393 677 4449 V.
695 4394 720 4447 d.
737 4393 782 4446 Aa
798 4393 815 4447 l.
833 4393 852 4448 l.
870 4411 895 4463 p.
914 4393 974 4449 537.

203 4495 226 4565 θ)
245 4496 277 4550 ci.
296 4495 414 4549 Zoeekel
432 4496 629 4566 Hieronymus.
666 4497 765 4552 Guthn„
783 4496 858 4552 1865.
877 4515 903 4568 p.
920 4495 980 4552 471.
