2864 4876
560 1156 761 1284 error
797 1157 881 1282 vr.

488 1389 538 1460 oe
562 1383 749 1500 trasone
770 1387 950 1459 tenerer.

206 1599 329 1684 Restat,
352 1602 388 1661 ut
409 1598 451 1662 de
473 1590 624 1662 versione
648 1595 790 1674 arabica,
815 1615 915 1679 quam
938 1615 1039 1678 supra
1059 1597 1204 1675 laudavi,
1227 1598 1346 1663 dicam.

204 1719 371 1802 Imprimis
398 1723 510 1783 autem
542 1717 667 1799 gratias
698 1734 798 1797 agere
827 1737 883 1781 me
913 1717 1007 1781 decet
1029 1719 1193 1782 maximas
1214 1720 1288 1783 viro
1309 1719 1346 1782 il-

101 1823 295 1886 lustrissimo
328 1824 364 1886 P.
393 1835 443 1886 DE
465 1823 673 1904 LAGARDE,
711 1821 788 1904 qui,
821 1840 896 1884 cum
934 1841 955 1885 a
988 1823 1059 1887 viro
1092 1823 1276 1886 clarissimo
1305 1823 1345 1886 H.

101 1925 245 2007 Sauppio
275 1944 410 2007 operam
438 1926 519 1990 dare
549 1927 644 1989 illum
675 1925 751 1988 huie
781 1926 923 1989 versioni
952 1927 1072 1990 certior
1101 1946 1207 1990 essem
1231 1929 1345 2009 tactus,

101 2034 218 2109 rogatu
240 2048 316 2094 meo
339 2048 483 2093 summa¹
502 2050 577 2093 oum
609 2029 814 2092 humanitate
843 2028 885 2092 de
908 2048 949 2092 ea
974 2029 1084 2094 docuit
1107 2048 1160 2092 me
1183 2034 1216 2094 et
1237 2032 1345 2094 novis-

100 2133 215 2194 simam
241 2134 337 2196 huius
362 2134 466 2197 libelli
490 2133 697 2212 editionemt)
727 2152 746 2196 e
775 2132 885 2197 codice
909 2134 1091 2199 Matritensi
1122 2152 1194 2197 esse
1221 2133 1344 2198 factam

100 2238 305 2301 memoravit.

203 2358 252 2422 De
277 2352 373 2423 huius
395 2361 553 2424 versionis
584 2365 719 2424 auctore
750 2365 783 2422 et
804 2360 934 2442 reliqua
955 2359 1144 2424 conditione
1166 2360 1225 2441 qui
1247 2358 1346 2440 plura

100 2462 178 2524 velit
202 2481 405 2544 cognoscere,
431 2463 531 2526 adeat
553 2469 685 2546 praeter
701 2465 870 2527 Wenriohi
891 2464 1013 2528 librum
1035 2482 1135 2545 supra
1155 2463 1199 2542 (p.
1214 2463 1251 2541 4)
1274 2463 1345 2528 lau-

99 2563 213 2628 datum
237 2583 291 2647 ea,
329 2585 415 2650 quae
438 2567 480 2631 de
502 2569 564 2631 hae
586 2587 623 2630 re
645 2569 836 2649 conscripsit
858 2568 1016 2631 Silvestre
1038 2566 1080 2630 de
1101 2564 1228 2647 Sa0y2).
1272 2567 1344 2646 Hie,

99 2668 191 2731 cuius
223 2672 353 2752 generis
385 2671 491 2735 codex
525 2703 567 2717 ω-
606 2690 706 2754 quem
740 2672 849 2734 littera
882 2665 925 2739 Ξῖ
958 2671 1084 2752 signavi
1116 2704 1155 2714 -
1189 2669 1345 2734 videatur

98 2779 228 2853 praesto
253 2774 413 2859 finissem,
437 2777 493 2857 qui
518 2776 602 2838 hano
625 2775 812 2839 versionem
835 2776 981 2852 confecit,
1003 2775 1081 2836 satis
1099 2773 1140 2836 sit
1154 2773 1344 2858 ostendere3
1390 2815 1392 2817 ·

61 2906 64 2912 ¹
99 2895 203 2958 quare
236 2878 323 2940 locos
357 2878 529 2941 nonnullos
563 2896 607 2942 ex
640 2879 851 2941 Eliohmanni
884 2879 1035 2941 versione
1070 2877 1170 2939 latina
1198 2873 1343 2942 exhibeo

100 2982 290 3061 exscriptos,
313 2980 432 3044 additis
454 2983 589 3063 insuper
610 2983 665 3059 iis,
698 3000 785 3063 quae
806 2983 842 3046 P.
864 2981 906 3051 de
927 2979 1079 3062 Lagarde
1101 2998 1231 3043 mecum
1255 2998 1343 3044 com·

12 3149 14 3155 ,
99 3085 294 3165 mnnieevit3
316 3085 438 3168 reliqui
460 3085 588 3149 oodiees
611 3085 778 3167 quomodo
802 3085 971 3149 differrent
993 3085 1036 3149 ab
1055 3079 1134 3167 AV,
1156 3102 1258 3164 supra
1272 3084 1341 3147 iem

97 3187 225 3251 ostendi
237 3194 251 3249 ι’
765 3213 767 3219 ·

287 3359 289 3364 '
376 3342 411 3411 A
1016 3340 1059 3414 Ξῖ

97 3464 113 3527 Ι
136 3465 156 3526 3
179 3463 235 3525 καί
257 3462 348 3543 ἔνδον
372 3462 408 3527 δὲ
744 3472 771 3528 et
795 3467 882 3529 intro
904 3462 987 3530 illut
1010 3476 1130 3551 septum
1152 3469 1290 3532 Eliohnr.

743 3569 811 3633 und
842 3593 900 3635 oon
930 3572 987 3636 der
1008 3575 1123 3637 lanera
1145 3575 1219 3638 avite
1242 3574 1342 3640 dieses

715 3726 719 3750 ,
785 3677 914 3762 qeheqes
936 3679 1087 3760 Lagarde

202 4035 223 4103 Ι)
241 4034 278 4086 Le
296 4035 407 4087 tableau
417 4035 452 4088 de
464 4034 558 4104 sebee,
577 4052 614 4088 ou
626 4035 739 4103 l'imoge
756 4017 794 4090 de·
808 4037 835 4088 la
853 4040 897 4090 vie
917 4039 1057 4109 lmmaine,
1076 4041 1182 4092 tradnit
1200 4057 1235 4092 en
1245 4042 1342 4096 Arabe

96 4135 147 4186 par
164 4119 225 4170 Ibni
244 4120 400 4173 lllnskweih
419 4138 454 4173 nu
472 4121 518 4174 IV.
536 4122 618 4174 siecle
637 4123 664 4174 d'
682 4123 796 4191 Hegire(
829 4125 912 4177 Edita
936 4131 963 4178 et
987 4127 1173 4195 accompagne
1199 4127 1233 4178 de
1261 4131 1341 4180 notes

97 4222 146 4274 par
165 4205 249 4258 Snavi
268 4208 383 4261 Ellendt.
418 4210 503 4261 Paris
541 4209 614 4261 1873.

201 4293 223 4363 ²]
242 4294 374 4348 lle'moire
386 4312 434 4348 sur
446 4296 472 4348 le
483 4296 622 4365 DJavivlon
632 4297 741 4365 khired‚
760 4314 797 4351 ou
808 4299 889 4351 Livre
902 4301 935 4352 de
948 4283 1108 4353 l“Eter·rrelle
1124 4302 1235 4356 Raison.
1255 4304 1339 4374 (Hist.

96 4383 123 4431 et
141 4379 222 4432 mern.
241 4381 275 4432 de
293 4382 374 4435 linst.
393 4383 472 4450 royal
491 4384 525 4434 de
543 4383 654 4450 Franco,
673 4385 747 4437 arod.
766 4387 814 4438 des
833 4389 913 4440 inser.
932 4393 958 4439 et
978 4388 1176 4442 belles-lettres.
1194 4390 1242 4442 IX.
1262 4391 1337 4447 1831.

80 4463 167 4514 Mem.
182 4481 212 4533 p.
232 4467 346 4539 1-30.)
363 4501 399 4509 -
419 4471 450 4522 cf.
468 4469 600 4524 Salmasii
618 4473 704 4541 praef.
723 4472 758 4525 ad
779 4473 896 4528 Elishm.
912 4475 955 4527 ed.
972 4492 997 4544 p.
1009 4474 1034 4526 V
1047 4491 1106 4544 sqq.
1118 4479 1145 4528 et
1158 4478 1339 4545 paenultima.
