2864 4876
614 363 821 426 ..75-

90 553 169 598 eum
204 533 334 598 Odaxio
368 536 402 597 in
435 536 507 599 loco
544 554 564 619 e
592 554 619 599 c.
649 534 730 598 XIV
763 534 794 597 4.
812 553 912 617 supra
942 536 1070 617 prolato
1104 541 1135 600 et
1165 538 1337 619 paululum

91 637 219 702 recedit
241 639 285 702 ab
307 639 364 702 iilo
387 640 421 701 in
444 658 470 702 e.
492 639 626 704 XXXV
649 637 709 722 3¹),
733 643 768 701 ut
790 639 872 704 elios
887 641 1052 738 emittam.

176 776 310 859 Quare
325 781 382 840 aut
404 797 448 841 ex
470 774 586 842 eodem
614 782 792 860 utrumque
815 779 963 842 hausisse
985 779 1072 843 fonte
1095 783 1152 843 aut
1169 779 1337 844 Odaxium

90 882 224 945 novisse
232 881 485 964 Questenbergii
496 883 683 946 versionem
695 883 793 945 facile
804 883 954 960 conicias,
964 902 1051 961 eum,
1064 884 1241 965 quominus
1252 881 1339 947 hunc

91 1003 138 1047 ex
151 985 240 1047 illius
255 986 510 1067 transsumpsisse
525 1005 619 1049 suam
635 989 827 1064 statuamus,
852 990 883 1049 et
898 987 970 1050 loco
986 1005 1006 1049 e
1021 1005 1047 1048 e.
1063 986 1142 1051 XIV
1167 986 1186 1048 2
1202 985 1338 1049 laudato

91 1091 126 1151 et
158 1105 206 1170 ee,
229 1087 317 1168 quod
344 1089 448 1152 verbe
474 1087 550 1150 inde
573 1107 594 1151 e
616 1107 642 1151 e.
664 1088 723 1151 XL
751 1090 770 1152 2
800 1087 967 1172 (ἀγνοοῦσι
982 1089 1045 1172 γὰρ
1060 1108 1091 1151 κ.
1108 1109 1135 1151 τ.
1152 1085 1198 1170 λ.)
1222 1088 1338 1152 desunt

91 1190 184 1272 apud
199 1189 503 1275 Questenbergium,
518 1191 763 1273 prohiheamus,
785 1193 847 1256 nisi
860 1197 992 1283 praeter
1007 1191 1129 1258 Odaxii
1152 1193 1338 1256 versionem

61 1338 66 1346 -
91 1294 185 1357 aliud
209 1296 308 1358 etiam
331 1314 487 1376 graecum
511 1297 683 1376 exemplar
706 1292 793 1358 hune
815 1295 1004 1360 adhibuisse
1027 1300 1191 1378 putamus

199 1434 263 1497 Sed
293 1432 436 1516 attigisse
465 1437 546 1498 haec
567 1435 719 1520 sufficiet,
750 1455 825 1499 eum
852 1435 934 1499 nihii
964 1437 1096 1500 omnino
1127 1435 1337 1517 proficiemus

93 1541 157 1602 hac
180 1557 216 1602 re
238 1545 391 1602 accurate
414 1543 559 1603 tractata.

204 2161 224 2228 ¹)
244 2163 373 2222 Quosdam
398 2164 444 2230 qui
466 2164 496 2212 ia
506 2163 594 2228 premo
613 2163 712 2213 ambitu
736 2169 814 2214 suat:
833 2163 862 2212 ia
879 2179 908 2212 eo
926 2162 1014 2212 ceteris
1027 2170 1179 2228 praestant:
1206 2164 1340 2226 quodque

93 2249 228 2298 nesciunt.-
247 2249 342 2298 nescire
356 2266 382 2299 se
399 2265 452 2298 aon
467 2250 640 2302 dissimulant.
659 2250 686 2297 in
704 2250 814 2300 secundo
827 2265 885 2299 vero
899 2249 944 2314 qni
960 2256 1036 2299 suist.-
1049 2249 1117 2300 illud
1131 2255 1196 2303 certe
1208 2249 1338 2300 nesciunt:

96 2336 169 2400 quod
184 2334 248 2384 seire
264 2351 291 2384 aa
303 2335 467 2400 profitentur.
1140 2329 1142 2335 ¹
1181 2329 1183 2333 ¹
