<?xml version="1.0" encoding="UTF-8"?>
<!DOCTYPE html PUBLIC "-//W3C//DTD XHTML 1.0 Transitional//EN"
    "http://www.w3.org/TR/xhtml1/DTD/xhtml1-transitional.dtd">
<html xmlns="http://www.w3.org/1999/xhtml" xml:lang="en" lang="en">
 <head>
  <title>
</title>
<meta http-equiv="Content-Type" content="text/html;charset=utf-8" />
  <meta name='ocr-system' content='tesseract 3.04.00' />
  <meta name='ocr-capabilities' content='ocr_page ocr_carea ocr_par ocr_line ocrx_word'/>
</head>
<body>
  <div class='ocr_page' id='page_1' title='image "./deartecriticace01muelgoog_0100.png"; bbox 0 0 2864 4876; ppageno 0'>
   <div class='ocr_carea' id='block_1_1' title="bbox 569 1152 863 1279">
    <p class='ocr_par' dir='ltr' id='par_1_1' title="bbox 569 1152 863 1279">
     <span class='ocr_line' id='line_1_1' title="bbox 569 1152 863 1279; baseline 0.007 -2"><span class='ocrx_word' id='word_1_1' title='bbox 569 1152 769 1278; x_wconf 68' lang='grc'><strong>44444</strong></span> <span class='ocrx_word' id='word_1_2' title='bbox 804 1154 863 1279; x_wconf 79' lang='lat' dir='ltr'>V.</span> 
     </span>
    </p>
   </div>
   <div class='ocr_carea' id='block_1_2' title="bbox 467 1380 979 1456">
    <p class='ocr_par' dir='ltr' id='par_1_2' title="bbox 467 1380 979 1456">
     <span class='ocr_line' id='line_1_2' title="bbox 467 1380 979 1456; baseline -0.016 -2"><span class='ocrx_word' id='word_1_3' title='bbox 467 1380 787 1456; x_wconf 68' lang='lat' dir='ltr'>attenuemus</span> <span class='ocrx_word' id='word_1_4' title='bbox 812 1381 979 1454; x_wconf 76' lang='grc'><strong>44444448..</strong></span> 
     </span>
    </p>
   </div>
   <div class='ocr_carea' id='block_1_3' title="bbox 90 1609 1339 2941">
    <p class='ocr_par' dir='ltr' id='par_1_3' title="bbox 94 1609 1339 2419">
     <span class='ocr_line' id='line_1_3' title="bbox 201 1609 1339 1693; baseline -0.001 -20"><span class='ocrx_word' id='word_1_5' title='bbox 201 1611 337 1673; x_wconf 79' lang='lat' dir='ltr'>Praeter</span> <span class='ocrx_word' id='word_1_6' title='bbox 349 1609 471 1674; x_wconf 87' lang='lat' dir='ltr'>Odaxii</span> <span class='ocrx_word' id='word_1_7' title='bbox 483 1612 668 1674; x_wconf 80' lang='lat' dir='ltr'>versionem</span> <span class='ocrx_word' id='word_1_8' title='bbox 680 1611 825 1693; x_wconf 74' lang='lat' dir='ltr'>latinam,</span> <span class='ocrx_word' id='word_1_9' title='bbox 841 1629 941 1692; x_wconf 86' lang='lat' dir='ltr'>quarn</span> <span class='ocrx_word' id='word_1_10' title='bbox 957 1627 1058 1690; x_wconf 89' lang='lat' dir='ltr'>supra</span> <span class='ocrx_word' id='word_1_11' title='bbox 1073 1611 1339 1690; x_wconf 85' lang='lat' dir='ltr'>commemoravi,</span> 
     </span>
     <span class='ocr_line' id='line_1_4' title="bbox 95 1703 1338 1801; baseline -0.001 -24"><span class='ocrx_word' id='word_1_12' title='bbox 95 1713 179 1777; x_wconf 89' lang='lat' dir='ltr'>duas</span> <span class='ocrx_word' id='word_1_13' title='bbox 211 1715 311 1777; x_wconf 89' lang='lat' dir='ltr'>etiam</span> <span class='ocrx_word' id='word_1_14' title='bbox 342 1703 556 1796; x_wconf 83' lang='lat' dir='ltr'>deprehendi</span> <span class='ocrx_word' id='word_1_15' title='bbox 572 1713 738 1778; x_wconf 86' lang='lat' dir='ltr'>codicibus</span> <span class='ocrx_word' id='word_1_16' title='bbox 768 1733 843 1801; x_wconf 87' lang='lat' dir='ltr'>mss.</span> <span class='ocrx_word' id='word_1_17' title='bbox 870 1716 962 1778; x_wconf 88' lang='lat' dir='ltr'>nobis</span> <span class='ocrx_word' id='word_1_18' title='bbox 986 1719 1143 1778; x_wconf 86' lang='lat' dir='ltr'>servatas.</span> <span class='ocrx_word' id='word_1_19' title='bbox 1189 1713 1338 1796; x_wconf 68' lang='lat' dir='ltr'>Quarum</span> 
     </span>
     <span class='ocr_line' id='line_1_5' title="bbox 95 1803 1339 1882; baseline 0.002 -2"><span class='ocrx_word' id='word_1_20' title='bbox 95 1820 284 1881; x_wconf 82' lang='lat' dir='ltr'>versionum</span> <span class='ocrx_word' id='word_1_21' title='bbox 314 1818 419 1881; x_wconf 91' lang='lat' dir='ltr'>altera</span> <span class='ocrx_word' id='word_1_22' title='bbox 449 1822 557 1881; x_wconf 85' lang='lat' dir='ltr'>exstat</span> <span class='ocrx_word' id='word_1_23' title='bbox 589 1819 623 1880; x_wconf 92' lang='lat' dir='ltr'>iu</span> <span class='ocrx_word' id='word_1_24' title='bbox 653 1803 765 1881; x_wconf 85' lang='lat' dir='ltr'>codice</span> <span class='ocrx_word' id='word_1_25' title='bbox 795 1818 1015 1881; x_wconf 87' lang='lat' dir='ltr'>bibliothecae</span> <span class='ocrx_word' id='word_1_26' title='bbox 1045 1805 1276 1882; x_wconf 84' lang='lat' dir='ltr'>Norlolcianae</span> <span class='ocrx_word' id='word_1_27' title='bbox 1305 1819 1339 1882; x_wconf 90' lang='lat' dir='ltr'>in</span> 
     </span>
     <span class='ocr_line' id='line_1_6' title="bbox 94 1920 1337 2004; baseline 0.001 -20"><span class='ocrx_word' id='word_1_28' title='bbox 94 1922 235 2002; x_wconf 84' lang='lat' dir='ltr'>collegio</span> <span class='ocrx_word' id='word_1_29' title='bbox 259 1921 491 1984; x_wconf 87' lang='lat' dir='ltr'>Greshamensi</span> <span class='ocrx_word' id='word_1_30' title='bbox 525 1921 612 2002; x_wconf 89' lang='lat' dir='ltr'>apud</span> <span class='ocrx_word' id='word_1_31' title='bbox 636 1920 819 1984; x_wconf 90' lang='lat' dir='ltr'>Londinum</span> <span class='ocrx_word' id='word_1_32' title='bbox 849 1920 956 2004; x_wconf 86' lang='lat' dir='ltr'>sito&#39;);</span> <span class='ocrx_word' id='word_1_33' title='bbox 989 1922 1032 1985; x_wconf 93' lang='lat' dir='ltr'>de</span> <span class='ocrx_word' id='word_1_34' title='bbox 1059 1941 1125 2004; x_wconf 87' lang='lat' dir='ltr'>qua</span> <span class='ocrx_word' id='word_1_35' title='bbox 1158 1941 1233 1984; x_wconf 90' lang='lat' dir='ltr'>cum</span> <span class='ocrx_word' id='word_1_36' title='bbox 1255 1923 1337 1985; x_wconf 90' lang='lat' dir='ltr'>nihil</span> 
     </span>
     <span class='ocr_line' id='line_1_7' title="bbox 94 2025 1338 2106; baseline 0.002 -19"><span class='ocrx_word' id='word_1_37' title='bbox 94 2027 215 2088; x_wconf 89' lang='lat' dir='ltr'>certius</span> <span class='ocrx_word' id='word_1_38' title='bbox 247 2027 466 2106; x_wconf 76' lang='lat' dir='ltr'>cognoverim,</span> <span class='ocrx_word' id='word_1_39' title='bbox 490 2026 640 2088; x_wconf 90' lang='lat' dir='ltr'>retulisse</span> <span class='ocrx_word' id='word_1_40' title='bbox 664 2045 738 2088; x_wconf 85' lang='lat' dir='ltr'>eam</span> <span class='ocrx_word' id='word_1_41' title='bbox 761 2025 839 2088; x_wconf 89' lang='lat' dir='ltr'>satis</span> <span class='ocrx_word' id='word_1_42' title='bbox 862 2025 978 2089; x_wconf 85' lang='lat' dir='ltr'>habeo.</span> <span class='ocrx_word' id='word_1_43' title='bbox 1023 2026 1138 2089; x_wconf 85' lang='lat' dir='ltr'>Altera</span> <span class='ocrx_word' id='word_1_44' title='bbox 1157 2027 1338 2090; x_wconf 78' lang='lat' dir='ltr'>continetur</span> 
     </span>
     <span class='ocr_line' id='line_1_8' title="bbox 94 2127 1338 2213; baseline 0.001 -21"><span class='ocrx_word' id='word_1_45' title='bbox 94 2128 208 2192; x_wconf 86' lang='lat' dir='ltr'>codice</span> <span class='ocrx_word' id='word_1_46' title='bbox 231 2129 418 2192; x_wconf 87' lang='lat' dir='ltr'>Monacensi</span> <span class='ocrx_word' id='word_1_47' title='bbox 440 2130 495 2192; x_wconf 85' lang='lat' dir='ltr'>lat.</span> <span class='ocrx_word' id='word_1_48' title='bbox 528 2129 601 2192; x_wconf 88' lang='grc'><strong>924.</strong></span> <span class='ocrx_word' id='word_1_49' title='bbox 625 2131 734 2213; x_wconf 81' lang='lat' dir='ltr'>chart,</span> <span class='ocrx_word' id='word_1_50' title='bbox 768 2129 825 2210; x_wconf 92' lang='lat' dir='ltr'>qui</span> <span class='ocrx_word' id='word_1_51' title='bbox 852 2148 881 2192; x_wconf 88' lang='lat' dir='ltr'>a.</span> <span class='ocrx_word' id='word_1_52' title='bbox 904 2127 989 2192; x_wconf 82' lang='lat'>1497</span> <span class='ocrx_word' id='word_1_53' title='bbox 1012 2130 1151 2211; x_wconf 85' lang='lat' dir='ltr'>scriptus</span> <span class='ocrx_word' id='word_1_54' title='bbox 1173 2147 1245 2193; x_wconf 87' lang='lat' dir='ltr'>esse</span> <span class='ocrx_word' id='word_1_55' title='bbox 1268 2149 1338 2211; x_wconf 89' lang='lat' dir='ltr'>per·</span> 
     </span>
     <span class='ocr_line' id='line_1_9' title="bbox 95 2231 1337 2314; baseline 0.002 -20"><span class='ocrx_word' id='word_1_56' title='bbox 95 2231 429 2314; x_wconf 82' lang='lat' dir='ltr'>lribett‚ur²)l.129-</span> <span class='ocrx_word' id='word_1_57' title='bbox 435 2233 506 2299; x_wconf 87' lang='grc'><strong>143.</strong></span> <span class='ocrx_word' id='word_1_58' title='bbox 551 2233 749 2314; x_wconf 87' lang='lat' dir='ltr'>Priusquam</span> <span class='ocrx_word' id='word_1_59' title='bbox 767 2237 824 2296; x_wconf 89' lang='lat' dir='ltr'>aut</span> <span class='ocrx_word' id='word_1_60' title='bbox 825 2251 880 2294; x_wconf 91' lang='lat' dir='ltr'>em</span> <span class='ocrx_word' id='word_1_61' title='bbox 896 2231 937 2296; x_wconf 91' lang='lat' dir='ltr'>de</span> <span class='ocrx_word' id='word_1_62' title='bbox 954 2234 1014 2296; x_wconf 91' lang='lat' dir='ltr'>hac</span> <span class='ocrx_word' id='word_1_63' title='bbox 1029 2234 1213 2299; x_wconf 79' lang='lat' dir='ltr'>accuratius</span> <span class='ocrx_word' id='word_1_64' title='bbox 1230 2252 1337 2314; x_wconf 86' lang='lat' dir='ltr'>agam,</span> 
     </span>
     <span class='ocr_line' id='line_1_10' title="bbox 94 2334 1045 2419; baseline -0.001 -20"><span class='ocrx_word' id='word_1_65' title='bbox 94 2354 161 2419; x_wconf 89' lang='lat' dir='ltr'>quo</span> <span class='ocrx_word' id='word_1_66' title='bbox 185 2336 297 2400; x_wconf 90' lang='lat' dir='ltr'>codice</span> <span class='ocrx_word' id='word_1_67' title='bbox 321 2336 431 2400; x_wconf 86' lang='lat' dir='ltr'>videat</span> <span class='ocrx_word' id='word_1_68' title='bbox 419 2341 472 2399; x_wconf 90' lang='lat' dir='ltr'>tur</span> <span class='ocrx_word' id='word_1_69' title='bbox 495 2356 572 2400; x_wconf 89' lang='lat' dir='ltr'>usus</span> <span class='ocrx_word' id='word_1_70' title='bbox 595 2355 667 2400; x_wconf 89' lang='lat' dir='ltr'>esse</span> <span class='ocrx_word' id='word_1_71' title='bbox 690 2334 849 2414; x_wconf 84' lang='lat' dir='ltr'>Odaxius,</span> <span class='ocrx_word' id='word_1_72' title='bbox 873 2354 1045 2418; x_wconf 85' lang='lat' dir='ltr'>exponam.</span> 
     </span>
    </p>

    <p class='ocr_par' dir='ltr' id='par_1_4' title="bbox 90 2436 1338 2941">
     <span class='ocr_line' id='line_1_11' title="bbox 200 2436 1338 2523; baseline 0.001 -20"><span class='ocrx_word' id='word_1_73' title='bbox 200 2438 367 2522; x_wconf 84' lang='lat' dir='ltr'>Exiguum</span> <span class='ocrx_word' id='word_1_74' title='bbox 391 2458 469 2504; x_wconf 91' lang='lat' dir='ltr'>sane</span> <span class='ocrx_word' id='word_1_75' title='bbox 492 2440 621 2518; x_wconf 89' lang='lat' dir='ltr'>codicis,</span> <span class='ocrx_word' id='word_1_76' title='bbox 644 2457 744 2522; x_wconf 89' lang='lat' dir='ltr'>quem</span> <span class='ocrx_word' id='word_1_77' title='bbox 766 2443 844 2505; x_wconf 90' lang='lat' dir='ltr'>nota</span> <span class='ocrx_word' id='word_1_78' title='bbox 859 2436 887 2508; x_wconf 92' lang='lat'>0</span> <span class='ocrx_word' id='word_1_79' title='bbox 905 2440 1046 2523; x_wconf 80' lang='lat' dir='ltr'>distinxi,</span> <span class='ocrx_word' id='word_1_80' title='bbox 1069 2441 1244 2521; x_wconf 83' lang='lat' dir='ltr'>vestigium</span> <span class='ocrx_word' id='word_1_81' title='bbox 1266 2442 1338 2522; x_wconf 90' lang='lat' dir='ltr'>ipsa</span> 
     </span>
     <span class='ocr_line' id='line_1_12' title="bbox 94 2541 1338 2628; baseline -0.002 -20"><span class='ocrx_word' id='word_1_82' title='bbox 94 2546 192 2608; x_wconf 88' lang='lat' dir='ltr'>huius</span> <span class='ocrx_word' id='word_1_83' title='bbox 208 2547 366 2608; x_wconf 87' lang='lat' dir='ltr'>versionis</span> <span class='ocrx_word' id='word_1_84' title='bbox 383 2544 481 2607; x_wconf 87' lang='lat' dir='ltr'>editio</span> <span class='ocrx_word' id='word_1_85' title='bbox 498 2541 677 2626; x_wconf 72' lang='lat' dir='ltr'>princeps³j</span> <span class='ocrx_word' id='word_1_86' title='bbox 701 2545 851 2628; x_wconf 81' lang='lat' dir='ltr'>exbibet3</span> <span class='ocrx_word' id='word_1_87' title='bbox 874 2545 1015 2628; x_wconf 87' lang='lat' dir='ltr'>legimus</span> <span class='ocrx_word' id='word_1_88' title='bbox 1039 2545 1183 2610; x_wconf 90' lang='lat' dir='ltr'>enimin</span> <span class='ocrx_word' id='word_1_89' title='bbox 1205 2545 1225 2607; x_wconf 92' lang='grc'>4.</span> <span class='ocrx_word' id='word_1_90' title='bbox 1247 2543 1281 2607; x_wconf 64' lang='lat' dir='ltr'>da</span> <span class='ocrx_word' id='word_1_91' title='bbox 1304 2546 1338 2607; x_wconf 90' lang='lat' dir='ltr'>in</span> 
     </span>
     <span class='ocr_line' id='line_1_13' title="bbox 93 2647 1338 2734; baseline 0.001 -22"><span class='ocrx_word' id='word_1_92' title='bbox 93 2650 243 2730; x_wconf 82' lang='lat' dir='ltr'>margine</span> <span class='ocrx_word' id='word_1_93' title='bbox 275 2649 370 2712; x_wconf 87' lang='lat' dir='ltr'>haec:</span> <span class='ocrx_word' id='word_1_94' title='bbox 401 2648 543 2712; x_wconf 78' lang='lat' dir='ltr'>Graecus</span> <span class='ocrx_word' id='word_1_95' title='bbox 572 2647 668 2712; x_wconf 81' lang='grc'><strong>444444</strong></span> <span class='ocrx_word' id='word_1_96' title='bbox 690 2649 780 2712; x_wconf 82' lang='lat' dir='ltr'>babet</span> <span class='ocrx_word' id='word_1_97' title='bbox 802 2647 913 2732; x_wconf 76' lang='lat' dir='ltr'>bupreu</span> <span class='ocrx_word' id='word_1_98' title='bbox 939 2668 1050 2733; x_wconf 81' lang='grc' dir='ltr'>μικρον</span> <span class='ocrx_word' id='word_1_99' title='bbox 1074 2647 1156 2734; x_wconf 80' lang='lat' dir='ltr'>quod</span> <span class='ocrx_word' id='word_1_100' title='bbox 1178 2647 1338 2733; x_wconf 75' lang='lat' dir='ltr'>sipulficat</span> 
     </span>
     <span class='ocr_line' id='line_1_14' title="bbox 90 2750 1338 2836; baseline 0 -20"><span class='ocrx_word' id='word_1_101' title='bbox 90 2753 266 2818; x_wconf 79' lang='grc'><strong>4444444444.</strong></span> <span class='ocrx_word' id='word_1_102' title='bbox 296 2753 322 2816; x_wconf 84' lang='lat' dir='ltr'>si</span> <span class='ocrx_word' id='word_1_103' title='bbox 352 2772 424 2816; x_wconf 84' lang='grc'><strong>4444</strong></span> <span class='ocrx_word' id='word_1_104' title='bbox 448 2772 560 2836; x_wconf 74' lang='lat' dir='ltr'>piapen</span> <span class='ocrx_word' id='word_1_105' title='bbox 583 2750 697 2836; x_wconf 70' lang='grc' dir='ltr'><strong>θηριων</strong></span> <span class='ocrx_word' id='word_1_106' title='bbox 720 2755 814 2817; x_wconf 86' lang='lat' dir='ltr'>recle&#39;</span> <span class='ocrx_word' id='word_1_107' title='bbox 833 2761 885 2817; x_wconf 83' lang='lat' dir='ltr'>ecl.</span> <span class='ocrx_word' id='word_1_108' title='bbox 909 2753 1057 2819; x_wconf 84' lang='lat' dir='ltr'>bestiola:</span> <span class='ocrx_word' id='word_1_109' title='bbox 1084 2753 1181 2819; x_wconf 83' lang='lat' dir='ltr'>lector</span> <span class='ocrx_word' id='word_1_110' title='bbox 1198 2754 1338 2836; x_wconf 81' lang='lat' dir='ltr'>pensita.</span> 
     </span>
     <span class='ocr_line' id='line_1_15' title="bbox 90 2855 1338 2941; baseline 0 -20"><span class='ocrx_word' id='word_1_111' title='bbox 90 2859 130 2921; x_wconf 93' lang='grc' dir='ltr'>Ι4</span> <span class='ocrx_word' id='word_1_112' title='bbox 154 2863 247 2921; x_wconf 89' lang='lat' dir='ltr'>textu</span> <span class='ocrx_word' id='word_1_113' title='bbox 270 2860 398 2920; x_wconf 84' lang='lat' dir='ltr'>exstant</span> <span class='ocrx_word' id='word_1_114' title='bbox 422 2857 583 2920; x_wconf 85' lang='lat' dir='ltr'>vocabula</span> <span class='ocrx_word' id='word_1_115' title='bbox 605 2856 701 2921; x_wconf 85' lang='grc'><strong>4444444</strong></span> <span class='ocrx_word' id='word_1_116' title='bbox 717 2855 895 2941; x_wconf 63' lang='grc'><strong>4444444444,</strong></span> <span class='ocrx_word' id='word_1_117' title='bbox 927 2860 1088 2938; x_wconf 89' lang='lat' dir='ltr'>pertinent</span> <span class='ocrx_word' id='word_1_118' title='bbox 1110 2861 1224 2921; x_wconf 87' lang='lat' dir='ltr'>autem</span> <span class='ocrx_word' id='word_1_119' title='bbox 1246 2856 1289 2920; x_wconf 86' lang='lat' dir='ltr'>ad</span> <span class='ocrx_word' id='word_1_120' title='bbox 1312 2877 1338 2921; x_wconf 95' lang='grc'>4.</span> 
     </span>
    </p>
   </div>
   <div class='ocr_carea' id='block_1_4' title="bbox 90 2959 1337 3406">
    <p class='ocr_par' dir='ltr' id='par_1_5' title="bbox 90 2959 1337 3406">
     <span class='ocr_line' id='line_1_16' title="bbox 1249 2959 1263 2994; baseline 0 0"><span class='ocrx_word' id='word_1_121' title='bbox 1249 2959 1263 2994; x_wconf 81' lang='grc' dir='ltr'>υ</span> 
     </span>
     <span class='ocr_line' id='line_1_17' title="bbox 90 3007 1337 3099; baseline 0 -22"><span class='ocrx_word' id='word_1_122' title='bbox 90 3015 125 3077; x_wconf 89' lang='grc' dir='ltr'>Χ</span> <span class='ocrx_word' id='word_1_123' title='bbox 153 3013 178 3091; x_wconf 90' lang='grc'>1,</span> <span class='ocrx_word' id='word_1_124' title='bbox 203 3014 260 3077; x_wconf 91' lang='lat' dir='ltr'>ubi</span> <span class='ocrx_word' id='word_1_125' title='bbox 282 3011 393 3096; x_wconf 69' lang='grc' dir='ltr'>θύριον</span> <span class='ocrx_word' id='word_1_126' title='bbox 418 3014 470 3075; x_wconf 89' lang='lat' dir='ltr'>vel</span> <span class='ocrx_word' id='word_1_127' title='bbox 482 3009 594 3095; x_wconf 73' lang='grc' dir='ltr'>θυρίον</span> <span class='ocrx_word' id='word_1_128' title='bbox 617 3013 739 3076; x_wconf 88' lang='lat' dir='ltr'>habent</span> <span class='ocrx_word' id='word_1_129' title='bbox 755 3007 897 3096; x_wconf 83' lang='lat' dir='ltr'><strong><em>ALBP‚</em></strong></span> <span class='ocrx_word' id='word_1_130' title='bbox 919 3011 1033 3099; x_wconf 65' lang='lat' dir='ltr'>duplos</span> <span class='ocrx_word' id='word_1_131' title='bbox 1050 3008 1201 3094; x_wconf 83' lang='lat' dir='ltr'>VRDK,</span> <span class='ocrx_word' id='word_1_132' title='bbox 1223 3010 1337 3097; x_wconf 69' lang='grc' dir='ltr'>θηρίον</span> 
     </span>
     <span class='ocr_line' id='line_1_18' title="bbox 92 3113 1335 3210; baseline -0.005 -24"><span class='ocrx_word' id='word_1_133' title='bbox 92 3113 182 3186; x_wconf 83' lang='lat' dir='ltr'>GW</span> <span class='ocrx_word' id='word_1_134' title='bbox 213 3116 278 3180; x_wconf 88' lang='lat' dir='ltr'>Sed</span> <span class='ocrx_word' id='word_1_135' title='bbox 290 3118 351 3210; x_wconf 89' lang='lat' dir='ltr'>boc</span> <span class='ocrx_word' id='word_1_136' title='bbox 363 3118 433 3181; x_wconf 92' lang='lat' dir='ltr'>loco</span> <span class='ocrx_word' id='word_1_137' title='bbox 445 3117 534 3180; x_wconf 89' lang='lat' dir='ltr'>solo</span> <span class='ocrx_word' id='word_1_138' title='bbox 526 3117 669 3179; x_wconf 82' lang='lat' dir='ltr'>innisum</span> <span class='ocrx_word' id='word_1_139' title='bbox 680 3135 744 3180; x_wconf 94' lang='lat' dir='ltr'>non</span> <span class='ocrx_word' id='word_1_140' title='bbox 756 3118 832 3181; x_wconf 89' lang='lat' dir='ltr'>licet</span> <span class='ocrx_word' id='word_1_141' title='bbox 843 3117 884 3182; x_wconf 92' lang='lat' dir='ltr'>de</span> <span class='ocrx_word' id='word_1_142' title='bbox 901 3118 1020 3183; x_wconf 89' lang='lat' dir='ltr'>codicis</span> <span class='ocrx_word' id='word_1_143' title='bbox 1037 3118 1163 3181; x_wconf 89' lang='lat' dir='ltr'>ratione</span> <span class='ocrx_word' id='word_1_144' title='bbox 1179 3116 1335 3181; x_wconf 85' lang='lat' dir='ltr'>iudicare.</span> 
     </span>
     <span class='ocr_line' id='line_1_19' title="bbox 90 3219 1336 3307; baseline 0 -23"><span class='ocrx_word' id='word_1_145' title='bbox 90 3220 253 3303; x_wconf 85' lang='lat' dir='ltr'>Neque</span> <span class='ocrx_word' id='word_1_146' title='bbox 245 3241 279 3282; x_wconf 90' lang='grc'>44</span> <span class='ocrx_word' id='word_1_147' title='bbox 316 3221 454 3302; x_wconf 89' lang='lat' dir='ltr'>epistola</span> <span class='ocrx_word' id='word_1_148' title='bbox 491 3219 556 3282; x_wconf 87' lang='lat' dir='ltr'>ad</span> <span class='ocrx_word' id='word_1_149' title='bbox 569 3221 839 3285; x_wconf 87' lang='lat' dir='ltr'>Bartholomeum</span> <span class='ocrx_word' id='word_1_150' title='bbox 877 3223 1092 3307; x_wconf 88' lang='lat' dir='ltr'>Blanchinum</span> <span class='ocrx_word' id='word_1_151' title='bbox 1127 3241 1148 3284; x_wconf 92' lang='lat' dir='ltr'>a</span> <span class='ocrx_word' id='word_1_152' title='bbox 1184 3221 1336 3302; x_wconf 90' lang='lat' dir='ltr'>Philippo</span> 
     </span>
     <span class='ocr_line' id='line_1_20' title="bbox 92 3303 1337 3406; baseline 0 -18"><span class='ocrx_word' id='word_1_153' title='bbox 92 3324 256 3388; x_wconf 87' lang='lat' dir='ltr'>Beroaldo</span> <span class='ocrx_word' id='word_1_154' title='bbox 284 3323 359 3388; x_wconf 89' lang='lat' dir='ltr'>edit&#39;</span> <span class='ocrx_word' id='word_1_155' title='bbox 338 3325 418 3387; x_wconf 89' lang='lat' dir='ltr'>troni</span> <span class='ocrx_word' id='word_1_156' title='bbox 448 3325 630 3404; x_wconf 86' lang='lat' dir='ltr'>praemissa</span> <span class='ocrx_word' id='word_1_157' title='bbox 659 3326 755 3406; x_wconf 90' lang='lat' dir='ltr'>plura</span> <span class='ocrx_word' id='word_1_158' title='bbox 783 3306 825 3389; x_wconf 90' lang='lat' dir='ltr'>de</span> <span class='ocrx_word' id='word_1_159' title='bbox 848 3324 971 3390; x_wconf 87' lang='lat' dir='ltr'>Odaxii</span> <span class='ocrx_word' id='word_1_160' title='bbox 993 3303 1105 3389; x_wconf 91' lang='lat' dir='ltr'>codice</span> <span class='ocrx_word' id='word_1_161' title='bbox 1127 3323 1258 3388; x_wconf 86' lang='lat' dir='ltr'>tradunt</span> <span class='ocrx_word' id='word_1_162' title='bbox 1246 3323 1337 3405; x_wconf 81' lang='lat' dir='ltr'>tur⁴).</span> 
     </span>
    </p>
   </div>
   <div class='ocr_carea' id='block_1_5' title="bbox 91 3691 1338 3937">
    <p class='ocr_par' dir='ltr' id='par_1_6' title="bbox 91 3691 1338 3937">
     <span class='ocr_line' id='line_1_21' title="bbox 201 3691 1334 3761; baseline 0.001 -17"><span class='ocrx_word' id='word_1_163' title='bbox 201 3693 222 3761; x_wconf 86' lang='lat'>¹]</span> <span class='ocrx_word' id='word_1_164' title='bbox 241 3691 298 3744; x_wconf 85' lang='lat' dir='ltr'>(lat.</span> <span class='ocrx_word' id='word_1_165' title='bbox 309 3692 372 3743; x_wconf 91' lang='lat' dir='ltr'>libr.</span> <span class='ocrx_word' id='word_1_166' title='bbox 385 3707 448 3745; x_wconf 85' lang='lat' dir='ltr'>mss.</span> <span class='ocrx_word' id='word_1_167' title='bbox 461 3692 580 3761; x_wconf 86' lang='lat' dir='ltr'>Anglioe</span> <span class='ocrx_word' id='word_1_168' title='bbox 592 3698 618 3745; x_wconf 90' lang='grc'>44</span> <span class='ocrx_word' id='word_1_169' title='bbox 630 3693 787 3746; x_wconf 88' lang='lat' dir='ltr'>Hiberniae.</span> <span class='ocrx_word' id='word_1_170' title='bbox 800 3695 932 3747; x_wconf 86' lang='lat' dir='ltr'>Oxoniae.</span> <span class='ocrx_word' id='word_1_171' title='bbox 945 3693 1020 3746; x_wconf 82' lang='lat'>1697.</span> <span class='ocrx_word' id='word_1_172' title='bbox 1032 3691 1067 3744; x_wconf 88' lang='lat'>11.</span> <span class='ocrx_word' id='word_1_173' title='bbox 1080 3691 1154 3744; x_wconf 89' lang='lat' dir='ltr'>Libr.</span> <span class='ocrx_word' id='word_1_174' title='bbox 1167 3706 1228 3743; x_wconf 88' lang='lat' dir='ltr'>mss.</span> <span class='ocrx_word' id='word_1_175' title='bbox 1242 3691 1334 3744; x_wconf 86' lang='lat' dir='ltr'>eccles.</span> 
     </span>
     <span class='ocr_line' id='line_1_22' title="bbox 91 3772 1336 3848; baseline 0 -16"><span class='ocrx_word' id='word_1_176' title='bbox 91 3779 242 3833; x_wconf 79' lang='lat' dir='ltr'>cathedral</span> <span class='ocrx_word' id='word_1_177' title='bbox 254 3796 276 3848; x_wconf 87' lang='lat' dir='ltr'>p</span> <span class='ocrx_word' id='word_1_178' title='bbox 285 3778 326 3832; x_wconf 75' lang='lat' dir='ltr'>8L</span> <span class='ocrx_word' id='word_1_179' title='bbox 336 3796 375 3831; x_wconf 87' lang='lat' dir='ltr'>ur.</span> <span class='ocrx_word' id='word_1_180' title='bbox 385 3779 465 3831; x_wconf 81' lang='lat'>3204:</span> <span class='ocrx_word' id='word_1_181' title='bbox 488 3782 582 3834; x_wconf 77' lang='lat' dir='ltr'>Oebalis</span> <span class='ocrx_word' id='word_1_182' title='bbox 594 3782 709 3834; x_wconf 76' lang='lat' dir='ltr'>Thebani</span> <span class='ocrx_word' id='word_1_183' title='bbox 721 3782 822 3834; x_wconf 79' lang='lat' dir='ltr'>Tabula</span> <span class='ocrx_word' id='word_1_184' title='bbox 826 3801 876 3848; x_wconf 86' lang='lat' dir='ltr'>per</span> <span class='ocrx_word' id='word_1_185' title='bbox 888 3772 1038 3848; x_wconf 75' lang='lat' dir='ltr'>Philippum</span> <span class='ocrx_word' id='word_1_186' title='bbox 1051 3780 1196 3831; x_wconf 81' lang='lat' dir='ltr'>Allericum</span> <span class='ocrx_word' id='word_1_187' title='bbox 1206 3782 1336 3846; x_wconf 78' lang='lat' dir='ltr'>traducta,</span> 
     </span>
     <span class='ocr_line' id='line_1_23' title="bbox 93 3863 1338 3937; baseline -0.002 -17"><span class='ocrx_word' id='word_1_188' title='bbox 93 3869 259 3920; x_wconf 77' lang='grc' dir='ltr'><strong>04444444ιί444</strong></span> <span class='ocrx_word' id='word_1_189' title='bbox 272 3869 349 3919; x_wconf 82' lang='lat' dir='ltr'>u&#39;mul</span> <span class='ocrx_word' id='word_1_190' title='bbox 368 3876 391 3918; x_wconf 92' lang='grc'>44</span> <span class='ocrx_word' id='word_1_191' title='bbox 403 3869 515 3919; x_wconf 79' lang='lat' dir='ltr'>Picturle</span> <span class='ocrx_word' id='word_1_192' title='bbox 523 3870 702 3934; x_wconf 71' lang='lat' dir='ltr'>pulcherrimis</span> <span class='ocrx_word' id='word_1_193' title='bbox 717 3877 836 3921; x_wconf 83' lang='grc'><strong>4444444444</strong></span> <span class='ocrx_word' id='word_1_194' title='bbox 855 3873 891 3920; x_wconf 85' lang='lat' dir='ltr'>ed</span> <span class='ocrx_word' id='word_1_195' title='bbox 902 3869 1045 3919; x_wconf 80' lang='lat' dir='ltr'>Hearicum</span> <span class='ocrx_word' id='word_1_196' title='bbox 1064 3866 1123 3918; x_wconf 90' lang='lat' dir='ltr'>VII.</span> <span class='ocrx_word' id='word_1_197' title='bbox 1142 3863 1338 3937; x_wconf 79' lang='lat'>[1485-1509]</span> 
     </span>
    </p>
   </div>
   <div class='ocr_carea' id='block_1_6' title="bbox 91 3954 1338 4194">
    <p class='ocr_par' dir='ltr' id='par_1_7' title="bbox 91 3954 1338 4194">
     <span class='ocr_line' id='line_1_24' title="bbox 91 3954 460 4020; baseline 0 -15"><span class='ocrx_word' id='word_1_198' title='bbox 91 3954 206 4020; x_wconf 70' lang='lat' dir='ltr'>Acyllae</span> <span class='ocrx_word' id='word_1_199' title='bbox 223 3956 316 4020; x_wconf 79' lang='lat' dir='ltr'>Repem</span> <span class='ocrx_word' id='word_1_200' title='bbox 335 3957 460 4006; x_wconf 80' lang='lat' dir='ltr'>dedicata.</span> 
     </span>
     <span class='ocr_line' id='line_1_25' title="bbox 201 4037 1338 4109; baseline 0.001 -17.01"><span class='ocrx_word' id='word_1_201' title='bbox 201 4037 301 4109; x_wconf 82' lang='grc'><strong>2)044</strong></span> <span class='ocrx_word' id='word_1_202' title='bbox 284 4038 404 4092; x_wconf 87' lang='lat' dir='ltr'>t.c0dd</span> <span class='ocrx_word' id='word_1_203' title='bbox 428 4039 473 4090; x_wconf 87' lang='grc'><strong>444.</strong></span> <span class='ocrx_word' id='word_1_204' title='bbox 498 4038 564 4091; x_wconf 88' lang='lat' dir='ltr'>bibl.</span> <span class='ocrx_word' id='word_1_205' title='bbox 588 4056 643 4108; x_wconf 85' lang='lat' dir='ltr'>reg.</span> <span class='ocrx_word' id='word_1_206' title='bbox 667 4039 771 4092; x_wconf 87' lang='lat' dir='ltr'>Monac.</span> <span class='ocrx_word' id='word_1_207' title='bbox 795 4038 814 4092; x_wconf 93' lang='grc' dir='ltr'><strong>Ι.</strong></span> <span class='ocrx_word' id='word_1_208' title='bbox 839 4056 864 4107; x_wconf 91' lang='lat' dir='ltr'>p.</span> <span class='ocrx_word' id='word_1_209' title='bbox 887 4038 907 4092; x_wconf 94' lang='lat' dir='ltr'>I.</span> <span class='ocrx_word' id='word_1_210' title='bbox 932 4057 957 4108; x_wconf 91' lang='lat' dir='ltr'>p.</span> <span class='ocrx_word' id='word_1_211' title='bbox 976 4039 1086 4092; x_wconf 81' lang='lat'>159.-</span> <span class='ocrx_word' id='word_1_212' title='bbox 1110 4038 1191 4093; x_wconf 89' lang='lat' dir='ltr'>Hunc</span> <span class='ocrx_word' id='word_1_213' title='bbox 1215 4042 1338 4093; x_wconf 87' lang='lat' dir='ltr'>codicem</span> 
     </span>
     <span class='ocr_line' id='line_1_26' title="bbox 92 4124 632 4194; baseline 0.006 -18"><span class='ocrx_word' id='word_1_214' title='bbox 92 4127 155 4194; x_wconf 83' lang='lat' dir='ltr'>ipse</span> <span class='ocrx_word' id='word_1_215' title='bbox 174 4131 237 4177; x_wconf 89' lang='lat' dir='ltr'>cont</span> <span class='ocrx_word' id='word_1_216' title='bbox 227 4124 278 4177; x_wconf 88' lang='lat' dir='ltr'>tuli</span> <span class='ocrx_word' id='word_1_217' title='bbox 297 4126 349 4178; x_wconf 93' lang='lat' dir='ltr'>hoc</span> <span class='ocrx_word' id='word_1_218' title='bbox 367 4143 440 4178; x_wconf 85' lang='lat' dir='ltr'>anno</span> <span class='ocrx_word' id='word_1_219' title='bbox 460 4126 632 4194; x_wconf 84' lang='lat' dir='ltr'>Virceburgi</span> 
     </span>
    </p>
   </div>
   <div class='ocr_carea' id='block_1_7' title="bbox 162 4211 1338 4283">
    <p class='ocr_par' dir='ltr' id='par_1_8' title="bbox 162 4211 1338 4283">
     <span class='ocr_line' id='line_1_27' title="bbox 162 4211 1338 4283; baseline 0.003 -20"><span class='ocrx_word' id='word_1_220' title='bbox 162 4247 163 4250; x_wconf 20' lang='grc' dir='ltr'><strong>κ</strong></span> <span class='ocrx_word' id='word_1_221' title='bbox 198 4212 223 4280; x_wconf 76' lang='lat'>⁸)</span> <span class='ocrx_word' id='word_1_222' title='bbox 242 4211 313 4264; x_wconf 89' lang='lat' dir='ltr'>Usus</span> <span class='ocrx_word' id='word_1_223' title='bbox 332 4229 393 4264; x_wconf 91' lang='lat' dir='ltr'>sum</span> <span class='ocrx_word' id='word_1_224' title='bbox 412 4214 567 4281; x_wconf 86' lang='lat' dir='ltr'>exemplari</span> <span class='ocrx_word' id='word_1_225' title='bbox 591 4215 620 4265; x_wconf 91' lang='lat' dir='ltr'>in</span> <span class='ocrx_word' id='word_1_226' title='bbox 638 4215 704 4266; x_wconf 89' lang='lat' dir='ltr'>bibl.</span> <span class='ocrx_word' id='word_1_227' title='bbox 723 4216 799 4267; x_wconf 84' lang='lat' dir='ltr'>univ.</span> <span class='ocrx_word' id='word_1_228' title='bbox 817 4214 889 4283; x_wconf 84' lang='lat' dir='ltr'>Lips.</span> <span class='ocrx_word' id='word_1_229' title='bbox 907 4218 1017 4267; x_wconf 78' lang='lat' dir='ltr'>servato</span> <span class='ocrx_word' id='word_1_230' title='bbox 1034 4230 1058 4267; x_wconf 80' lang='lat' dir='ltr'>a</span> <span class='ocrx_word' id='word_1_231' title='bbox 1076 4212 1145 4266; x_wconf 78' lang='lat'>1877</span> <span class='ocrx_word' id='word_1_232' title='bbox 1165 4213 1338 4282; x_wconf 85' lang='lat' dir='ltr'>Virceburgi.</span> 
     </span>
    </p>
   </div>
   <div class='ocr_carea' id='block_1_8' title="bbox 92 4297 1376 4545">
    <p class='ocr_par' dir='ltr' id='par_1_9' title="bbox 92 4297 1376 4545">
     <span class='ocr_line' id='line_1_28' title="bbox 197 4297 1339 4372; baseline 0.002 -21"><span class='ocrx_word' id='word_1_233' title='bbox 197 4297 222 4366; x_wconf 83' lang='lat'>⁴)</span> <span class='ocrx_word' id='word_1_234' title='bbox 240 4337 246 4350; x_wconf 91' lang='lat'>.</span> <span class='ocrx_word' id='word_1_235' title='bbox 265 4336 272 4351; x_wconf 89' lang='lat'>.</span> <span class='ocrx_word' id='word_1_236' title='bbox 290 4338 296 4351; x_wconf 93' lang='lat'><strong><em>.</em></strong></span> <span class='ocrx_word' id='word_1_237' title='bbox 317 4303 388 4362; x_wconf 76' lang='lat' dir='ltr'>Quae</span> <span class='ocrx_word' id='word_1_238' title='bbox 407 4305 436 4352; x_wconf 83' lang='lat' dir='ltr'>eb</span> <span class='ocrx_word' id='word_1_239' title='bbox 454 4320 494 4353; x_wconf 83' lang='grc'>444</span> <span class='ocrx_word' id='word_1_240' title='bbox 512 4320 569 4354; x_wconf 88' lang='lat' dir='ltr'>cum</span> <span class='ocrx_word' id='word_1_241' title='bbox 587 4303 734 4370; x_wconf 78' lang='lat' dir='ltr'>nuperrime</span> <span class='ocrx_word' id='word_1_242' title='bbox 751 4304 885 4370; x_wconf 72' lang='lat' dir='ltr'>scriptores</span> <span class='ocrx_word' id='word_1_243' title='bbox 898 4305 998 4370; x_wconf 75' lang='lat' dir='ltr'>aliquot</span> <span class='ocrx_word' id='word_1_244' title='bbox 1010 4322 1041 4355; x_wconf 85' lang='grc'>444</span> <span class='ocrx_word' id='word_1_245' title='bbox 1053 4305 1108 4372; x_wconf 77' lang='lat' dir='ltr'>u&#39;lu¹</span> <span class='ocrx_word' id='word_1_246' title='bbox 1117 4306 1241 4369; x_wconf 83' lang='lat' dir='ltr'>pulvereo</span> <span class='ocrx_word' id='word_1_247' title='bbox 1253 4310 1339 4354; x_wconf 81' lang='grc'><strong>4444444</strong></span> 
     </span>
     <span class='ocr_line' id='line_1_29' title="bbox 92 4387 1348 4457; baseline -0.003 -19"><span class='ocrx_word' id='word_1_248' title='bbox 92 4387 258 4438; x_wconf 67' lang='lat' dir='ltr'>correctorem</span> <span class='ocrx_word' id='word_1_249' title='bbox 283 4388 329 4438; x_wconf 82' lang='lat' dir='ltr'>tibi</span> <span class='ocrx_word' id='word_1_250' title='bbox 352 4404 393 4438; x_wconf 83' lang='lat' dir='ltr'>eos</span> <span class='ocrx_word' id='word_1_251' title='bbox 415 4390 577 4454; x_wconf 71' lang='lat' dir='ltr'>potissimum</span> <span class='ocrx_word' id='word_1_252' title='bbox 595 4391 713 4443; x_wconf 77' lang='lat' dir='ltr'>dedicavi</span> <span class='ocrx_word' id='word_1_253' title='bbox 729 4399 753 4442; x_wconf 86' lang='grc'>44</span> <span class='ocrx_word' id='word_1_254' title='bbox 769 4393 816 4442; x_wconf 78' lang='lat' dir='ltr'>cub</span> <span class='ocrx_word' id='word_1_255' title='bbox 836 4399 880 4443; x_wconf 87' lang='lat' dir='ltr'>tuo</span> <span class='ocrx_word' id='word_1_256' title='bbox 898 4392 1070 4457; x_wconf 80' lang='lat' dir='ltr'>nuncupatim</span> <span class='ocrx_word' id='word_1_257' title='bbox 1087 4391 1193 4440; x_wconf 67' lang='lat' dir='ltr'>uomicae</span> <span class='ocrx_word' id='word_1_258' title='bbox 1208 4391 1348 4450; x_wconf 65' lang='lat' dir='ltr'>impresse·</span> 
     </span>
     <span class='ocr_line' id='line_1_30' title="bbox 92 4464 1376 4545; baseline -0.011 -21"><span class='ocrx_word' id='word_1_259' title='bbox 92 4475 168 4527; x_wconf 70' lang='lat' dir='ltr'>ribus</span> <span class='ocrx_word' id='word_1_260' title='bbox 186 4477 342 4541; x_wconf 74' lang='lat' dir='ltr'>eculpandoc</span> <span class='ocrx_word' id='word_1_261' title='bbox 359 4477 435 4529; x_wconf 79' lang='lat' dir='ltr'>dedi:</span> <span class='ocrx_word' id='word_1_262' title='bbox 453 4514 459 4527; x_wconf 85' lang='lat'>.</span> <span class='ocrx_word' id='word_1_263' title='bbox 479 4514 485 4527; x_wconf 90' lang='lat'>.</span> <span class='ocrx_word' id='word_1_264' title='bbox 504 4514 510 4527; x_wconf 90' lang='lat'>.</span> <span class='ocrx_word' id='word_1_265' title='bbox 528 4515 534 4528; x_wconf 88' lang='lat'>.</span> <span class='ocrx_word' id='word_1_266' title='bbox 554 4476 654 4545; x_wconf 80' lang='lat' dir='ltr'>Apmeu</span> <span class='ocrx_word' id='word_1_267' title='bbox 674 4480 747 4532; x_wconf 86' lang='lat' dir='ltr'>ducit</span> <span class='ocrx_word' id='word_1_268' title='bbox 767 4479 930 4532; x_wconf 80' lang='grc'><strong>0444444444</strong></span> <span class='ocrx_word' id='word_1_269' title='bbox 948 4514 955 4529; x_wconf 89' lang='grc'><strong>.</strong></span> <span class='ocrx_word' id='word_1_270' title='bbox 974 4513 981 4529; x_wconf 81' lang='grc'><strong>.</strong></span> <span class='ocrx_word' id='word_1_271' title='bbox 1000 4495 1033 4529; x_wconf 81' lang='grc'><strong>.·.</strong></span> <span class='ocrx_word' id='word_1_272' title='bbox 1054 4475 1180 4526; x_wconf 68' lang='lat' dir='ltr'>Secundo</span> <span class='ocrx_word' id='word_1_273' title='bbox 1194 4473 1259 4518; x_wconf 68' lang='lat' dir='ltr'>loeo</span> <span class='ocrx_word' id='word_1_274' title='bbox 1279 4464 1376 4512; x_wconf 64' lang='grc'><strong>444434-</strong></span> 
     </span>
    </p>
   </div>
   <div class='ocr_carea' id='block_1_9' title="bbox 0 0 1437 4876">
    <p class='ocr_par' dir='ltr' id='par_1_10' title="bbox 0 0 1437 4876">
     <span class='ocr_line' id='line_1_31' title="bbox 0 0 1437 4876; baseline 0 0"><span class='ocrx_word' id='word_1_275' title='bbox 0 0 1437 4876; x_wconf 95' lang='lat' dir='ltr'> </span> 
     </span>
    </p>
   </div>
  </div>
 </body>
</html>
