2864 4876
602 366 809 430 ..70-

193 540 305 626 Quare
326 542 359 603 in
383 544 558 622 utramque
581 539 767 617 editionem,
794 555 902 620 equo
928 537 1039 601 codice
1066 537 1234 601 videretur
1257 554 1333 600 esse

89 664 259 729 expressa,
296 645 459 728 inquisivi.
504 643 552 707 Ac
575 642 762 725 Calliergae
784 641 920 725 quidem
943 641 1119 704 editionem
1153 677 1195 687 -
1226 659 1332 722 quam

89 750 307 814 Romanam
339 749 508 830 appellare
530 748 720 828 placet—e
741 745 852 810 codice
865 741 901 811 K
923 763 994 809 esse
1011 764 1200 826 expressam
1217 744 1334 806 multis

88 853 166 915 licet
188 852 359 919 ostendere
382 852 477 928 locis,
500 852 661 932 imprimis
684 854 796 913 autem
818 850 890 913 loco
913 867 932 910 e
954 869 979 911 c.
1003 850 1166 913 XXXVII
1189 850 1209 911 3
1231 867 1253 910 a
1276 866 1334 909 me

89 975 189 1037 supra
216 938 260 1037 (p.
283 956 341 1035 33)
374 954 518 1032 laudato,
553 956 609 1017 ubi
638 955 785 1018 codicem
808 949 845 1019 K
875 947 945 1021 eC
980 971 1052 1015 esse
1082 954 1333 1032 transscriptum

90 1059 167 1137 dixi,
192 1063 224 1124 et
238 1060 313 1136 alio,
336 1060 393 1142 qui
409 1063 517 1121 exstat
534 1060 566 1120 in
581 1077 607 1121 c.
632 1059 697 1120 XX
719 1059 749 1136 4,
772 1060 829 1122 ubi
852 1059 940 1121 solus
956 1052 993 1123 K
1008 1062 1039 1119 et
1063 1056 1162 1119 editio
1178 1055 1336 1119 Romana

89 1163 248 1244 praebent
271 1162 434 1226 vocabula
455 1158 485 1224 τί
506 1163 568 1245 γὰρ
592 1162 647 1224 οὖν
671 1181 730 1242 pro
752 1168 930 1246 τοιγαροῦν.

192 1265 301 1329 Editio
319 1266 439 1329 Aldina
461 1283 524 1328 non
544 1268 676 1328 omnino
699 1268 858 1330 consentit
880 1285 953 1328 cum
971 1261 1023 1347 K3
1046 1265 1103 1328 sed
1128 1265 1183 1328 ubi
1207 1263 1336 1326 recedit

92 1370 207 1447 abeo,
236 1371 425 1433 manifestas
454 1370 645 1433 correctoris
674 1369 919 1433 emendationes
950 1369 1098 1453 exhibet3
1133 1369 1225 1430 velut
1248 1369 1290 1451 in
1305 1386 1333 1429 c.

40 1543 43 1550 ,
90 1473 241 1536 ΧΧΧΙ1
267 1473 416 1537 additum
433 1473 696 1536 estvocabnlnm
712 1492 765 1552 τις,
789 1459 877 1555 quod
895 1491 1008 1536 omnes
1030 1476 1181 1553 ignorant
1203 1471 1336 1534 codices

92 1596 174 1654 mss,
195 1581 268 1659 post
290 1574 383 1662 λάβῃ.
430 1579 607 1641 Praeterea
635 1578 741 1641 multa
772 1579 872 1641 habet
903 1597 978 1639 cnm
1008 1577 1149 1639 editione
1179 1577 1336 1639 Romana

91 1683 287 1766 communia,
310 1682 430 1764 quibus
453 1683 511 1744 illa
534 1681 685 1747 differta
708 1681 819 1745 codice
840 1677 885 1765 Κ,
907 1683 953 1744 ila
975 1685 1011 1743 ut
1033 1681 1130 1743 facile
1153 1679 1335 1742 editionem

91 1784 247 1847 Aldinam
271 1803 289 1848 e
311 1787 463 1848 Romana
485 1803 557 1851 esse
586 1795 774 1867 expressam
803 1787 863 1849 tibi
885 1783 1093 1867 persuadeas.
1137 1781 1234 1865 Qrtod
1258 1801 1338 1850 cum

91 1904 155 1951 non
177 1891 277 1970 possit
299 1890 440 1974 probari,
472 1890 499 1952 si
523 1890 657 1973 quidem
689 1895 778 1954 recte
801 1891 912 1952 statuit
934 1890 1065 1963 Brnnet,
1096 1889 1177 1950 haec
1200 1904 1338 1968 quoque

92 1993 240 2057 ecodice
255 1989 292 2060 K
306 1994 360 2057 vel
377 1995 442 2058 alio
461 1995 492 2057 ei
514 1995 681 2057 simillimo
705 1995 838 2058 fluxisse
860 1993 1006 2075 putanda
1029 1990 1114 2070 est.¹)

197 2113 292 2197 Quae
308 2125 367 2178 res
397 2133 473 2178 cum
495 2117 542 2178 ita
568 2133 604 2179 se
630 2116 760 2200 habeat,
783 2116 874 2178 nulla
898 2114 1029 2178 omnino
1051 2128 1160 2195 neque
1184 2102 1336 2175 editionis

93 2217 235 2281 Aldinae
264 2237 325 2282 nec
353 2220 524 2282 Romanae
555 2224 603 2283 est
631 2221 716 2282 ratio
750 2218 910 2302 habenda,
944 2219 1005 2280 nisi
1036 2236 1159 2292 eorum,
1191 2217 1249 2297 qui
1281 2234 1338 2279 eas

93 2327 298 2400 curaverunt,
322 2324 523 2386 coniecturas
547 2324 629 2386 velis
652 2341 856 2404 cognoscere.

93 2548 506 2559 ————--u--———

95 2769 123 2820 L.
147 2768 256 2821 Schilek
284 2769 373 2821 Aldus
400 2768 547 2821 Manutius.
590 2767 690 2821 Berlin.
718 2768 792 2820 1862.
829 2784 854 2837 p.
882 2768 922 2822 52.
952 2767 1106 2836 Schweigh.
1136 2768 1212 2822 1798.
1253 2771 1338 2838 praef.

94 2873 119 2926 p.
137 2854 273 2908 CXXXII.
290 2886 323 2896 -
352 2854 443 2907 Huius
460 2855 590 2908 editionis
608 2855 751 2922 exemplar
768 2857 798 2906 in
817 2855 883 2908 bibl.
902 2858 977 2924 regia
994 2855 1097 2907 Monac.
1115 2859 1257 2907 servatum
1276 2858 1335 2925 ipse

43 2974 45 2977 -
95 2943 147 2996 hoc
164 2957 237 2994 anno
257 2940 552 3009 contulivirceburgi.

200 3029 223 3098 ¹]
247 3028 302 3094 Qui
327 3032 422 3097 postea
444 3029 592 3082 ediderunt
609 3028 744 3098 libellum,
764 3030 904 3096 usquead
922 3029 955 3081 H.
970 3029 1107 3082 Wolsmm
1126 3029 1221 3099 [1560]
1241 3046 1338 3082 omnes

95 3115 216 3184 pendent
235 3115 269 3166 ab
287 3115 410 3167 editione
427 3115 540 3184 Aldina,
558 3117 598 3167 ita
616 3119 647 3166 ut
666 3114 732 3167 haec
750 3117 786 3167 sit
804 3117 933 3190 vulgatae
951 3117 1182 3186 fundamentum‘3
1201 3116 1234 3169 H.
1253 3118 1337 3186 Wolf,

96 3203 145 3270 qui
162 3202 304 3254 nitebatur
320 3203 350 3254 in
368 3202 489 3255 editione
506 3202 630 3255 Basileae
647 3219 670 3254 a.
695 3202 763 3255 1547
789 3204 824 3255 ab
842 3203 900 3256 Joa
920 3204 1044 3271 Oporino
1069 3205 1179 3272 emissa,
1212 3217 1284 3270 quae
1302 3221 1337 3256 ex

96 3288 265 3341 Aldinarum
283 3289 439 3341 editionum
457 3289 551 3357 aliqua
568 3290 679 3342 videtur
697 3307 756 3343 esse
775 3307 912 3360 expressa,
940 3292 979 3342 ita
996 3296 1088 3342 lamen
1107 3293 1138 3341 ut
1157 3289 1253 3342 mullis
1271 3290 1337 3342 locis

96 3375 181 3428 verba
199 3377 254 3427 sint
272 3380 416 3444 corrupta,
443 3376 532 3427 multa
557 3381 584 3428 et
601 3379 631 3428 iu
650 3379 774 3444 margine
792 3379 866 3429 etin
885 3379 959 3430 notis
979 3378 1115 3447 correxit3
1142 3376 1217 3428 hune
1244 3380 1338 3429 autem
1369 3361 1371 3366 ¹

96 3463 182 3515 secuti
206 3467 271 3513 sunt
294 3462 421 3530 plerique
436 3462 556 3514 editores
575 3479 663 3531 usque
681 3463 718 3515 ad
736 3464 891 3532 Schweigh.
910 3463 1019 3534 (1798),
1048 3466 1127 3531 pauci
1146 3481 1161 3515 e
1179 3462 1265 3516 Gron.
1284 3464 1338 3517 edi·

97 3550 174 3601 tione
193 3548 288 3618 (1689)
306 3564 369 3601 suas
388 3554 555 3602 curaverunt
573 3551 749 3604 recudendos.
