2864 4876
583 361 797 424 ...77-

63 541 156 603 1111
188 536 274 601 ἀλλὰ
296 535 382 601 τουσι
404 542 530 620 πρῶτον
554 533 605 597 δεῖ
624 533 660 618 ἡ·
711 521 932 617 praeterquam
963 529 1045 615 quod
1076 533 1216 614 oporteat
1237 524 1307 612 pri·

112 652 172 727 μᾶς
195 643 333 705 ἀκοῦσαι
638 647 643 668 “
756 655 840 698 mam
863 643 897 699 at
920 634 1062 698 audiatis
1084 634 1221 698 Elicirm.

304 739 305 742 ’
713 759 775 802 aar
798 738 872 802 daca
895 737 1010 802 ascicis
1033 758 1093 801 non
1109 735 1309 801 portiterem

756 842 879 925 caletrici,
903 842 977 905 dass
992 842 1043 904 ihr
1062 842 1133 905 tart
1156 841 1223 922 Lag,
1215 839 1307 904 arde

64 955 190 1022 VIII2
220 951 249 1015 οἱ
271 950 435 1036 εἰληφότες
457 971 486 1014 τι
508 948 584 1064 Ιπαρ’
607 949 661 1011 αὐ·
713 955 786 1030 sant
815 948 840 1009 ii
870 946 1022 1030 quibus
1010 966 1076 1008 earn
1107 944 1241 1028 eiarpitc
1266 949 1309 1006 art

109 1065 166 1141 τῆς
189 1055 265 1120 εἰσιν
757 1071 871 1114 acuaris
891 1049 1019 1134 aliquod
1042 1049 1179 1113 Efflichrn

65 1163 148 1228 VIII
170 1163 193 1224 4
214 1159 286 1244 περι
309 1159 363 1243 μὲν
386 1157 507 1223 τούτων
531 1156 663 1244 ἔφηκαὶ
714 1153 772 1217 tac
792 1152 887 1232 dere,
911 1155 1022 1237 inquit,
1042 1159 1166 1236 oportet
1138 1149 1308 1214 eaoshoc

110 1263 203 1340 αὖθις
227 1261 390 1346 ἐκποιήσει
413 1260 620 1347 διαλέγεσθαι
758 1266 892 1342 ternpore
915 1257 1045 1342 differre
1063 1258 1231 1340 paulisper
1248 1256 1308 1317 rni-

759 1363 897 1447 tapetum
920 1363 1057 1426 Eiichm.
1176 1417 1178 1423 .

63 1475 148 1538 XIV
182 1475 201 1537 3
235 1471 291 1534 και
324 1469 419 1534 πιωσι
451 1461 507 1546 τὰς
541 1466 662 1533 τούτων
715 1467 880 1551 bibantque
895 1467 984 1530 iliam
1007 1468 1078 1548 nim,
1103 1486 1182 1549 quae
1199 1485 1309 1548 repur-

110 1575 311 1660 ααθαρτικὰς
335 1573 482 1657 δυνάμεις
506 1571 572 1635 ειτα
586 1573 661 1636 ὅταν
758 1580 812 1656 pat
834 1573 873 1637 ab
896 1575 973 1639 tetis.
996 1573 1049 1635 ubi
1070 1579 1173 1635 autern
1192 1570 1309 1656 petrifi-

110 1679 304 1764 καθαρθῶσι
337 1677 393 1741 καὶ
427 1673 588 1762 ἐκβάλωσι
622 1677 662 1740 τὰ
758 1677 822 1739 cati
842 1674 981 1759 fuerint,
1006 1683 1034 1739 et
1056 1676 1171 1740 abierit
1203 1677 1241 1740 ιιιι
1265 1678 1310 1740 ais

110 1785 205 1847 κακὰ·
222 1781 320 1847 πάνθ’
758 1779 905 1864 quiequid
916 1778 1026 1863 adsuit
1038 1782 1157 1844 erroris
1172 1778 1309 1845 Eiichrn.

516 1882 528 1962 J
757 1883 907 1965 Lagardc
1021 1929 1023 1933 «

351 1995 392 2074 ιι
466 2082 468 2086 ⁸
546 2038 549 2043 ·
991 1998 1033 2076 et

64 2113 199 2179 XXVII
224 2115 238 2175 ι
266 2109 295 2174 οι
318 2109 352 2172 δὲ
376 2108 593 2192 ἀστεφάνωτοι
609 2107 663 2172 λιι-
716 2109 910 2194 aliqui-nero
933 2131 996 2175 ιωιι
1018 2118 1090 2174 eunt
1108 2112 1259 2198 coronati,
1282 2119 1309 2175 et

110 2237 172 2302 πης
194 2215 250 2278 και
271 2223 416 2300 ταραχῆς
614 2202 616 2207 ’
760 2215 852 2298 qnasi
882 2235 1020 2279 incerare
1053 2215 1160 2299 affecti
1190 2222 1218 2279 et
1235 2236 1309 2298 per?

759 2317 839 2381 culs-i
861 2318 996 2382 Elicinm.
1019 2319 1171 2400 Lagcrde

171 2476 260 2559 Quos
284 2475 372 2538 locos
395 2475 422 2538 si
445 2473 712 2552 consideraveris,
735 2474 867 2538 omnino
890 2473 1035 2538 melioris
1059 2476 1189 2557 generis
1200 2493 1310 2538 exenn-

64 2581 151 2662 plari
174 2600 270 2642 usum
294 2596 366 2643 esse
388 2579 547 2641 versionis
570 2582 740 2642 auctorem
762 2595 826 2641 ncn
849 2597 964 2661 neges3
998 2597 1037 2641 ac
1069 2581 1097 2643 si
1118 2582 1257 2644 fortasse
1278 2582 1310 2642 in

65 2702 107 2747 eo
130 2683 286 2767 offendas,
310 2682 399 2766 quod
422 2683 490 2745 tam
512 2700 634 2763 paucos
657 2683 795 2766 protuli,
818 2685 878 2745 hoe
900 2701 956 2745 me
978 2685 1094 2748 fecisse
1116 2685 1208 2774 scias,
1231 2685 1311 2766 quia

63 2807 177 2871 saepe,
211 2787 290 2870 quid
314 2789 348 2850 in
371 2786 483 2851 codice
505 2787 602 2849 fuerit
620 2788 796 2871 scriptum,
820 2807 862 2859 ex
884 2788 1091 2851 Eiiclnnanni
1112 2789 1223 2852 verbis
1246 2805 1310 2850 non

64 2894 143 2956 licet
165 2893 340 2976 suspicari3
363 2911 438 2955 cum
462 2893 548 2954 enirn
572 2909 630 2971 per
653 2890 734 2954 duos
757 2877 951 2972 interpretes
968 2891 1208 2978 intercedentes
1224 2891 1310 2954 ccdi-

64 2999 112 3060 cis
146 2996 234 3071 illins
258 2996 361 3060 verba
394 3012 629 3077 cognoscamus
661 2999 692 3056 ct
714 2992 757 3057 ad
781 3013 868 3080 eum,
901 2996 958 3077 qni
982 3013 1029 3081 ca.
1043 2994 1177 3061 arabice
1203 2996 1310 3078 vertit,

64 3102 171 3181 magis
205 3101 306 3168 etiam
339 3118 441 3183 quam
474 3097 517 3161 ad
541 3095 709 3161 Odaxiurn
737 3103 769 3161 ct
793 3097 1093 3183 Questenbergiurn
1126 3100 1309 3181 pertineant
1340 3182 1344 3188 ἡ

64 3205 120 3267 Fr.
142 3203 313 3267 Ritschelii
336 3203 440 3268 verba
461 3220 562 3283 supra
585 3203 750 3283 exscripta
772 3239 814 3250 --
837 3204 929 3268 cuius
952 3205 1002 3267 rei
1025 3203 1180 3287 exempla
1202 3202 1309 3265 attulit

64 3307 246 3371 Salmasics
268 3308 302 3369 in
323 3307 425 3388 praef.
448 3306 655 3368 Elichmsnni
678 3305 813 3369 editioni
835 3309 1017 3388 praemissa
1039 3340 1090 3384 -,
1111 3323 1233 3383 omnes
1267 3304 1309 3367 dc

66 3412 187 3492 quibus
209 3410 361 3475 dubitare
376 3394 495 3494 pessis,
518 3410 606 3473 locos
628 3428 800 3473 secernere
823 3412 925 3474 satius
948 3411 1037 3475 duxi.
1082 3410 1146 3473 Sed
1160 3409 1308 3472 aiicsad·

66 3514 259 3577 dereliceat
280 3513 378 3597 locos,
401 3514 458 3578 ubi
481 3513 609 3591 ecdem,
632 3530 719 3594 quae
740 3513 773 3575 in
786 3506 829 3580 ξι
848 3513 1000 3576 videntur
1013 3514 1184 3590 exstitisse,
1208 3513 1309 3575 verba

66 3617 107 3680 H.
129 3618 260 3698 Sauppe
283 3618 328 3699 (p.
353 3618 423 3679 771.
447 3618 525 3694 775)
556 3616 938 3681 coniectura'assecutus
968 3623 1032 3695 est,
1065 3618 1112 3680 ita
1146 3622 1180 3679 ut
1214 3617 1309 3679 iilum

66 3723 267 3802 praestitisse
290 3719 599 3802 etiam'intcgritate
622 3720 726 3784 codici
747 3718 783 3787 A
805 3721 1015 3785 manifestum
1037 3722 1095 3786 sit:

67 3842 154 3908 v11
189 3837 316 3924 πλῆθος
349 3846 509 3925 γυναικῶν
547 3838 662 3925 {reptes
717 3842 864 3906 inulieres
885 3840 1083 3906 diversarum
1093 3863 1131 3906 ac
1144 3843 1309 3905 variarum

110 3944 318 4022 παντοδαπὰς
334 3947 457 4112 μὲσρφὰς
476 3943 663 4030 ἐχουσῶνΑ
752 3946 943 4031 formarum·
962 3944 1100 4009 Elichm.
1122 3945 1273 4026 Lagardc

66 4048 196 4134 πλῆθος
225 4048 313 4134 τιγ.
352 4048 467 4134 ἑτέρων
501 4070 535 4113 π
570 4070 600 4134 μ.
638 4048 663 4113 ἐ.

113 4150 177 4222 VL

68 4257 198 4343 πλῆθος
231 4256 323 4342 τιγ
292 4256 489 4343 γὲταιρῶν
525 4279 557 4323 π.
582 4280 612 4344 μ.
637 4258 663 4323 ἑ.
764 4260 767 4266 ’
809 4260 812 4264 ⁴

114 4360 402 4434 v²BRDWPcK
568 4374 571 4380 “

115 4469 245 4556 ἑταιρῶν
268 4471 330 4534 del.
353 4471 485 4552 Sauppe
523 4529 527 4534 .
