2864 4876
593 347 800 411 -15-

64 522 128 586 sed
150 523 274 587 lineola
289 521 489 606 superducto
503 524 578 584 sunt
599 520 716 586 deleta.
765 520 928 584 Differunt
944 525 1055 586 autem
1080 542 1207 604 manus,
1228 545 1315 608 quae

67 627 142 691 Ael.
173 646 242 690 var.
271 628 341 690 hist.
364 626 535 708 descripsit
557 631 590 690 et
612 645 699 708 quae
721 624 864 689 indicem
888 625 983 688 illum
1007 630 1201 714 composuit,
1231 632 1315 695 inter

66 748 114 808 se,
138 734 176 793 ut
197 730 287 794 haud
311 731 408 794 facile
431 732 534 812 possis
557 730 616 794 tibi
639 729 840 811 persuadere
867 730 909 794 ab
934 731 1052 795 eodem
1077 730 1209 796 homine
1234 735 1316 798 haec

67 852 144 898 esse
165 836 296 917 scripta

175 937 345 1023 Quidquid
369 943 481 1002 autem
514 939 629 1002 statuis
652 939 715 1002 hac
737 939 770 1000 in
793 956 844 1016 re,
878 939 940 1001 hoc
962 943 1051 1002 certe
1074 939 1204 1005 videtur
1226 948 1315 1007 recte

66 1060 106 1135 se
133 1042 260 1107 habere
281 1044 293 1106 i
307 1063 328 1106 n
341 1061 361 1107 e
372 1063 394 1105 u
407 1063 428 1106 n
439 1047 484 1106 te
505 1043 637 1107 saeculo
653 1043 741 1107 XVI.
771 1043 856 1105 hunc
881 1042 1028 1107 codicem
1045 1061 1117 1107 esse
1133 1050 1315 1109 exaratum.

176 1145 311 1211 Addere
348 1148 444 1211 liceat
480 1149 514 1210 in
553 1147 670 1211 eodem
707 1145 816 1210 indice
853 1145 895 1209 de
933 1144 1057 1211 (lebete
1094 1149 1177 1211 haec
1210 1149 1314 1213 tradi:
1391 1226 1394 1233 Ι

65 1247 206 1336 κέβητος
227 1257 284 1314 τοῦ
306 1248 445 1337 tutatos
468 1248 577 1328 πίναξι
601 1249 771 1335 γράμματα
794 1256 850 1313 τοῦ
873 1247 977 1312 καλοῦ
1001 1247 1203 1334 λασκάρεωςε
1229 1253 1315 1317 unde

64 1356 100 1417 in
122 1354 268 1419 indicem
290 1355 391 1420 latine
414 1357 631 1439 conscriptum
655 1359 858 1437 assumptum
882 1354 984 1419 illude
1012 1376 1106 1440 quum
1122 1377 1218 1420 runnu
1233 1357 1316 1421 Juni

65 1457 226 1523 Laccuris
247 1457 439 1544 descriptam
464 1458 675 1544 conjiciunt).

175 1564 354 1627 Praetereo
386 1564 491 1647 111⁸,
509 1565 543 1627 in
574 1582 639 1646 qno
662 1561 794 1628 Cebetis
825 1565 940 1628 tabula
961 1564 1092 1649 incipit,
1121 1566 1154 1627 in
1184 1584 1316 1630 summa

64 1667 221 1748 margine
243 1666 362 1731 eedem
377 1686 504 1753 manus,
527 1667 568 1732 de
585 1687 652 1751 qua
666 1686 766 1750 supra
789 1667 866 1746 dixi,
889 1668 1123 1733 adnotaverat:
1145 1670 1198 1734 Aa
1214 1668 1315 1735 Manu

64 1769 209 1855 Masuri,
241 1769 300 1834 sad
332 1773 503 1836 vocabulis
525 1772 579 1835 An
610 1776 641 1835 et
664 1771 793 1836 Masuri
821 1773 942 1836 lineola
970 1773 1168 1854 superducta
1198 1775 1315 1840 deletis

64 1876 138 1939 alia
171 1874 302 1940 videtur
329 1884 451 1940 'manus
474 1878 679 1959 apposuisse:
714 1876 746 1941 J.
770 1876 930 1941 Laccuris.
976 1875 1072 1959 Quod
1095 1898 1174 1942 num
1197 1899 1314 1945 verum
1395 1924 1399 1930 »

63 1981 117 2059 sit,
140 1981 177 2043 in
200 1979 310 2045 medio
332 1983 528 2065 relinquam.

174 2082 241 2148 Sed
263 2086 330 2148 iam
351 2084 593 2166 aggrediamur,
617 2085 706 2167 quod
728 2085 821 2149 nobis
844 2073 1082 2169 proposuimus,
1104 2104 1143 2148 ao
1160 2105 1246 2169 qnae
1265 2106 1316 2152 eo-

63 2188 183 2253 dicum
204 2207 306 2270 snpra
327 2188 537 2252 laudatorum
561 2190 602 2252 sit
624 2191 727 2267 ratio„
740 2207 950 2270 quaeramus.

178 2554 204 2655 1Ι)
240 2584 482 2654 Schweigh.1798.
494 2586 578 2654 praes.
590 2602 615 2655 p.
625 2585 720 2640 CXXI.
733 2585 812 2640 Dros.
825 2587 907 2654 praes.
918 2604 942 2655 p.
955 2585 1001 2639 IV.
1015 2586 1098 2641 Gron.
1111 2587 1194 2654 praes.
1207 2604 1231 2655 p.
1241 2589 1272 2619 Μ
1285 2587 1310 2640 3.
