2864 4876
585 330 795 393 ..27-

62 496 147 562 XXI
170 501 190 562 3
213 496 408 589 περιέργως
685 500 908 588 ’ἀπεριέργως

62 604 149 677 XXI
170 605 191 666 3
215 602 298 668 πάνυ
321 591 376 666 καὶ
401 603 536 688 ποικίλῳ
714 607 808 671 πάνυ
820 606 911 670 καλῶ
934 606 1016 675 A
1092 659 1093 664 .

715 711 797 776 πάνυ
821 711 930 788 καλῶς
960 708 1244 797 VBRDWPCK

62 811 183 874 XXIII
206 812 225 873 2
249 787 387 896 ὀδωρμὸν
411 808 506 874 καὶ
478 834 534 897 την
547 813 661 899 οπερη
715 816 852 901 ὀδυρμὸν
875 817 930 879 καί

109 914 241 999 ιροὶνειοιν
264 916 320 980 καὶ

169 1092 342 1155 Nonnullis
366 1098 536 1173 praemisa
559 1094 647 1176 louis
671 1094 748 1177 quid
773 1096 882 1160 dicere
905 1097 986 1160 velit
1008 1096 1186 1174 Relandus,
1217 1096 1309 1161 dubi-

60 1200 122 1279 tes,
148 1214 252 1277 quare
275 1196 378 1277 ipsius
402 1197 505 1260 verba
528 1197 580 1260 hie
603 1199 757 1279 apposui:

342 1305 386 1384 ’Μ
834 1315 1187 1391 AVLBRDWPCK

59 1438 124 1515 [IV
150 1440 178 1501 1.
202 1457 231 1518 p.
250 1441 334 1519 127]
359 1440 440 1505 Ibid.
464 1444 507 1522 [p.
518 1442 560 1520 8.]
587 1464 662 1506 vers.
715 1442 934 1527 προσεξὸντων

106 1544 138 1605 3.
162 1538 402 1624 Προσεξὸντων)
427 1543 662 1629 προσεχόντων·

105 1643 162 1708 sed
182 1666 281 1728 supra
304 1650 456 1733 scriptum
479 1655 548 1712 erut
572 1647 625 1726 ξον

57 1750 127 1828 [XI
163 1752 191 1814 1.
228 1771 256 1831 p.
281 1753 367 1829 129]
401 1752 485 1816 Ibid.
520 1757 563 1835 [p.
598 1755 662 1832 20.]
715 1757 770 1819 καὶ
793 1758 849 1840 τὴν
873 1755 916 1832 εἰς
939 1757 995 1838 τὴν

105 1874 187 1919 vere.
210 1857 240 1918 5.
264 1851 346 1936 Τὴν)
370 1855 460 1920 deest.

58 1958 107 2038 [V
146 1959 176 2021 3.
208 1978 239 2040 p.
274 1960 358 2037 127]
404 1960 488 2028 Ibid.
523 1965 566 2042 [p.
599 1965 662 2041 10]
717 1963 838 2042 πλάνος
863 1965 922 2050 ἔφη
946 1959 1054 2032 ΑΙΝ2

105 2076 185 2132 vers.
208 2072 237 2132 6.
262 2066 385 2153 Πλοὶνη,
409 2069 485 2155 ἔφη)
508 2069 629 2148 πλάνος
715 2066 822 2154 πλάνη
847 2069 906 2154 ἔφη
930 2063 1179 2138 BRDWPCK

57 2167 125 2252 [VI
157 2172 186 2235 3.
221 2193 250 2253 p.
282 2174 367 2251 128]
401 2175 484 2240 Ibi-d.
518 2180 562 2258 [p.
598 2179 662 2255 12]
716 2170 871 2256 ἀληθεινὴ
896 2172 970 2250 ὁδὸς
995 2173 1030 2242 Α

105 2298 185 2341 vers
208 2280 240 2343 2.
273 2275 429 2362 Ἀληθινὴ
465 2277 554 2360 ὁδὸς)
586 2277 663 2363 ἀλή-
717 2273 855 2360 ἀληθινὴ
891 2274 965 2352 ὁδος
995 2267 1310 2346 VLBRDWPCK

107 2379 186 2442 θεια
1305 2437 1307 2440 .

59 2486 149 2566 [XX
171 2486 200 2550 2.
233 2505 264 2568 p.
288 2487 373 2565 132]
408 2487 490 2552 Isiu.
525 2493 568 2570 [p.
599 2489 663 2567 32]
716 2481 865 2547 δοκοῦσιν
889 2485 967 2549 εἶναι

108 2607 188 2653 vers.
219 2591 269 2654 15.
299 2587 455 2654 Δοκοῠσιν
486 2591 579 2672 εἶναι)
612 2590 663 2654 δο-

111 2699 230 2757 κοῦσαι
275 2683 278 2686 ’

63 2799 149 2881 [XX
174 2800 202 2862 2.
233 2819 262 2879 p.
287 2799 373 2877 132]
408 2797 489 2863 ibid.
526 2803 569 2880 [p.
599 2799 663 2878 32]
716 2793 867 2880 καθάπερ
890 2796 922 2860 αἱ
944 2796 980 2865 Α

108 2924 187 2968 vers.
210 2904 258 2966 15.
281 2904 347 2980 [18.
370 2897 484 2967 debuit
506 2903 663 2980 scribere]
717 2899 824 2983 ὥσπερ
851 2899 883 2964 αἱ
904 2898 1219 2972 VLBRDWPCK

107 3003 235 3088 Ὥσπερ
259 3003 306 3084 αἱ)
328 3003 479 3087 καθάπερ

168 3181 281 3243 Primo
315 3181 402 3242 enim
437 3181 523 3261 1000,
563 3186 675 3243 utrum
698 3199 756 3262 pro
780 3182 950 3245 Meibomii
972 3183 1083 3247 verbis
1106 3185 1246 3266 accipias.
1269 3204 1312 3247 an

61 3284 208 3349 Relsndi
231 3303 283 3368 ea,
317 3303 403 3366 quae
425 3305 525 3367 supra
549 3289 715 3369 exscripsi,
739 3288 886 3365 dubites,
920 3304 958 3348 ee
987 3287 1140 3364 seeundo,
1175 3307 1250 3350 eum
1273 3281 1307 3351 iu

60 3389 181 3453 eodem
205 3407 305 3452 versu
328 3392 356 3452 5.
381 3389 512 3470 legetur
535 3396 713 3474 utrumque
745 3391 946 3455 vocabulum
968 3390 1042 3472 τὴν,
1077 3396 1187 3454 utrum
1220 3393 1311 3474 prius

61 3513 107 3556 an
131 3494 291 3574 posterius
314 3493 464 3577 desuerit,
488 3493 635 3572 dubium,
659 3496 720 3558 etsi
741 3482 998 3575 prius'defuisse
1013 3495 1239 3573 verisimilius3
1262 3514 1311 3558 re·

58 3596 163 3680 liquis
187 3602 298 3659 autem
321 3597 401 3659 loeis
425 3595 576 3660 videntur
599 3598 741 3662 defuisse
764 3599 797 3660 in
820 3597 932 3662 codice
955 3594 1126 3682 voeabula,
1149 3617 1312 3681 quaenon

58 3704 273 3784 repetuntur,
306 3703 334 3764 si
357 3701 492 3782 quidem
515 3703 608 3779 aliis,
643 3704 699 3784 qui
727 3703 761 3764 in
783 3720 822 3764 ο.
845 3701 928 3764 XIX
951 3702 971 3764 5
995 3705 1026 3765 et
1049 3703 1082 3764 in
1103 3721 1129 3764 ο
1151 3703 1308 3766 ΧΧΙΙΙ1

58 3808 203 3889 exstant,
225 3805 304 3868 locis
329 3798 428 3868 fidem
452 3790 625 3871 habemus:

57 3949 104 4026 [p.
132 3944 217 4022 132]
240 3941 299 4006 Ὃν
323 3941 496 4024 ἐπεπώκει)
521 3943 542 4004 ἃ

238 4045 394 4132 Ἀπάτης)
417 4047 491 4112 aud.
514 4047 668 4111 ἐπεπόκει

57 4187 120 4251 ubi
145 4186 344 4250 vocabulum
367 4184 519 4250 ἐπεπόκει
537 4190 646 4270 priore
670 4190 741 4254 loco
766 4208 837 4254 esse
854 4191 1011 4254 omissum
1028 4190 1236 4254 manifestum
1255 4195 1311 4256 est.

56 4330 102 4407 [p.
130 4324 217 4402 132]
239 4322 351 4409 Λὲγεις
373 4331 473 4387 ταῦτα
497 4325 552 4404 τὰ)
578 4333 680 4390 ταῦτα
702 4324 804 4413 λέγεις

56 4465 118 4532 ubi
136 4459 173 4533 Μ
196 4466 354 4529 consentit
376 4483 449 4528 oum
462 4462 506 4538 A.
529 4467 557 4529 si
579 4467 721 4531 defuisse
743 4468 776 4531 iu
800 4487 839 4533 eo
863 4468 1060 4533 vocabulum
1084 4468 1123 4531 τὰ
1145 4474 1308 4552 putamus.
