2864 4876
12 664 15 719 ;
57 637 76 675 *
101 640 218 704 XXVI
242 643 260 704 1
285 646 349 701 πού
372 638 416 702 ἔτι
439 635 560 722 βαδίζει
596 709 600 715 .
710 644 775 700 πού
797 637 918 723 βαδίζει

12 734 15 757 '
56 758 216 826 *xxvl
238 764 259 825 3
282 768 394 825 τοῦτον
418 757 527 824 ούκέτι
561 758 658 824 οὐθέν
710 766 822 823 τοῦτον
846 758 943 825 ούθέν
968 759 1090 825 λυπεῖι

103 860 203 926 λυπεῖ

63 985 224 1049 XXXI1
256 983 354 1071 ταύτη
388 983 515 1049 κελεύει
545 986 587 1071 μή
610 1006 658 1049 πι-
709 971 808 1072 ταύτη
837 985 964 1051 κελεύει
992 987 1052 1073 έφη
1083 989 1126 1073 μὴ
1150 987 1305 1053 πιστεύειν

103 1088 224 1153 στεύειν
259 1089 315 1152 καί
337 1087 463 1177 βέβαιον
488 1088 584 1176 μηδὲν
607 1111 658 1154 νο-
753 1091 809 1154 καί
826 1090 954 1180 βέβαιον
972 1092 1068 1178 μηδὲν
1088 1092 1244 1159 πιστεύειν
1262 1095 1305 1178 μή

104 1191 203 1277 μύζειν
227 1192 307 1278 μηδέ
330 1191 473 1277 ἀσφαλές
496 1193 575 1258 εἶναι
753 1194 789 1299 δέ
812 1193 954 1280 ἀσφαλὲς
978 1196 1062 1282 έχειν

61 1314 178 1379 XXXI
195 1317 230 1403 ‚2
255 1313 389 1378 ’κωλύει
426 1312 521 1378 πάλιν
557 1321 658 1379 ταῦτα
709 1314 830 1381 κωλύει
851 1326 951 1383 ταῦτα
974 1317 1069 1383 πάλιν
1092 1317 1273 1403 ἀφελέσθαι

104 1420 285 1506 ἀφελέσθαι

63 1545 177 1609 XXXI
200 1548 220 1611 2
242 1545 298 1608 καί
320 1545 372 1610 διά
395 1544 513 1630 ταύτην
535 1546 591 1628 τήν
612 1543 657 1606 oc?—
710 1543 766 1605 καί
795 1543 847 1608 διά
877 1543 993 1631 ταύτην
1023 1547 1078 1612 ούν
1112 1549 1169 1631 τὴν
1205 1546 1305 1613 αἰτίαν

102 1647 171 1714 τίαν
198 1649 337 1721 ,κελεύει
376 1652 457 1736 πρὸς
490 1651 547 1727 τάς
582 1647 659 1734 παρ’
753 1647 879 1713 κελεύει
909 1651 988 1734 πρὸς
1021 1652 1078 1728 τάς
1113 1650 1227 1736 ἑαυτῆς
1251 1650 1303 1714 δύ-

105 1756 204 1840 αύτης
245 1754 349 1832 δύσεις
390 1756 478 1831 ίσους
511 1752 657 1839 γίνεσθαι
753 1780 817 1836 σεις
839 1761 953 1844 ήττους
974 1759 1122 1845 γίνεσθαι
1144 1761 1201 1824 καί
1224 1758 1303 1846 μήτε

105 1859 172 1925 οίον
200 1866 267 1936 πῶς
297 1859 385 1935 ἴσους
407 1855 555 1942 γίνεσθαι
579 1856 657 1943 μήτε
753 1863 876 1950 χαίρειν

105 1962 226 2050 χαίρειν
753 1966 942 2053 [ἀηττήτους
965 1971 1072 2049 Dros.]

66 2090 177 2155 XXXI
203 2092 223 2154 5
246 2087 396 2164 ὡσαύτως
408 2083 513 2150 τοίνυν
530 2084 657 2149 κελεύει
710 2088 860 2166 ὡσαύτως
883 2088 986 2155 τοίνυν
1009 2090 1135 2155 κελεύει
1160 2092 1245 2178 ἔχειν
1268 2096 1304 2157 τὸ

105 2194 190 2279 ἔχειν
227 2196 264 2259 τύ
301 2191 461 2277 δαιμόνιον
492 2190 547 2254 καί
576 2192 656 2275 πρὸς
753 2192 913 2278 δαιμύνιον
946 2194 1002 2257 καί
1031 2197 1112 2280 πρὸς
1144 2199 1201 2282 τήν
1230 2196 1307 2283 παρ’

104 2301 160 2384 τήν
190 2298 266 2383 παρ’
294 2292 392 2382 αύτης
420 2296 507 2361 δύσιν
540 2314 657 2379 μνημο-
753 2299 850 2382 αὐτῆς
890 2296 976 2363 δύσιν
1015 2300 1071 2363 καί
1101 2301 1305 2388 μνημονεύειν

104 2403 204 2468 νεύειν
260 2405 308 2467 ὅτι
355 2401 503 2486 τοιαύτην
564 2399 656 2485 φύσιν
753 2404 800 2467 ὅτι
821 2402 968 2490 τοιαύτην
993 2404 1060 2491 ἔχει
1083 2396 1175 2489 φύσιν
1190 2405 1304 2492 ήτύχη

104 2508 172 2594 ἔχει
194 2508 214 2592 ή
238 2507 320 2594 τύχη

64 2629 215 2695 *XXXI
247 2634 266 2694 5
299 2628 393 2708 αύθις
417 2630 452 2693 δέ
477 2627 656 2713 ἀφελέσθαι
710 2629 802 2706 αύθις
827 2627 862 2692 δὲ
884 2629 980 2715 μύνον
1009 2628 1188 2713 ἀφελέσθαι
1212 2631 1232 2693 ἃ
1255 2630 1305 2695 δέ·

102 2735 122 2797 ἀ
152 2733 292 2799 δέδωκεν
316 2736 354 2798 ού
377 2734 474 2819 μόνον
505 2733 541 2797 δέ
570 2732 656 2798 ἀλλά
753 2735 855 2798 δωκεν
887 2736 924 2798 ού
955 2734 1051 2828 μύνον
1081 2734 1117 2798 δὲ
1139 2733 1225 2800 ἀλλά
1248 2737 1304 2799 καί

102 2840 219 2904 καὶτὰ
243 2839 495 2925 προύπάρχοντα
751 2840 791 2903 τά
814 2837 1067 2925 προϋπάρχοντα

62 2967 175 3030 XXXI
205 2967 226 3028 6
256 2965 277 3027 ά
307 2972 384 3048 γοῦν
414 2962 522 3027 δίδωσι
546 2964 655 3053 λαβεῖν
709 2961 729 3022 ἀ
762 2968 839 3047 γοῦν
874 2959 950 3024 διδῶ
984 2958 1109 3025 κελεύει
1132 2959 1303 3049 λαμβάνειν

101 3068 228 3156 κελεύει
250 3068 326 3153 παρ’
348 3071 445 3154 αὐτῆς
468 3068 524 3132 καί
547 3071 656 3135 συντύ-
752 3063 828 3149 παρ’
850 3065 947 3148 αύτης
963 3063 1018 3127 καί
1031 3065 1192 3150 συντύμως
1205 3065 1303 3130 ἀπελ-

102 3195 166 3258 μως
197 3170 352 3236 ἀπελθεῖν
377 3171 553 3259 βλέποντας
576 3174 656 3258 πρὸς
751 3170 822 3235 θεῖν
846 3169 964 3255 ἔχοντα
986 3170 1065 3253 πρὸς
1088 3189 1119 3232 κ.
1142 3191 1168 3234 τ.
1194 3168 1223 3233 λ.

100 3281 157 3363 τήν
181 3276 310 3364 βεβαίαν
335 3276 390 3340 καί
413 3276 542 3364 ἀσφαλῆ
567 3277 655 3342 δύσιν
751 3273 892 3354 [κελεύει
926 3271 1035 3358 λαβεῖν
1081 3310 1123 3321 -
1169 3274 1303 3360 ἔχοντας

751 3380 858 3458 Βιυε]

58 3506 193 3570 XXXII
226 3507 245 3567 2
285 3502 306 3588 ή
342 3502 468 3589 ἀληθής
500 3502 655 3590 ἐπιστήμη
708 3499 729 3585 ἡ
771 3498 897 3585 ἀληθής
941 3498 1097 3583 ἐπιστήμη
1142 3499 1201 3585 ἔφη
1243 3506 1304 3563 τῶν

98 3616 162 3673 τῶν
176 3607 399 3692 συμφερόντων
414 3608 473 3693 ἔφη
486 3607 542 3670 καί
555 3608 656 3692 ἀσφα-
754 3604 977 3689 συμφερόντων
1007 3604 1062 3667 καί
1085 3603 1232 3689 ἀσφαλής
1255 3603 1306 3668 δύ-

99 3713 159 3798 λὴς
186 3712 272 3790 δύσις
295 3712 350 3775 καί
372 3712 484 3801 βεβαία
505 3712 562 3776 καί
582 3714 656 3798 ἀμε-
753 3731 799 3786 σις
841 3708 898 3772 καί
938 3708 1052 3795 βεβαία
1090 3709 1146 3772 καί
1191 3707 1306 3794 ἀμετά-

98 3814 278 3903 ταμέλητος
753 3813 871 3903 βλητος
989 3884 991 3888 ,

55 3941 211 4006 XXXIII
245 3945 268 4007 4
309 3952 418 4028 χρῆμα
453 3942 558 4027 μέντοι
592 3943 659 4008 ἐστὶ
710 3935 851 4021 χρήσιμα
881 3933 986 4020 μέντοι
1018 3936 1083 4000 ἐστὶ
1111 3937 1189 4019 πρὸς
1213 3934 1305 3998 δὲτὸ

98 4045 181 4127 πρὸς
208 4046 244 4108 τὸ
278 4045 524 4130 συντομωτέρως
548 4045 658 4114 ἐλθεῖν
754 4037 897 4126 βελτίους
927 4039 1079 4125 γενέσθαί
1109 4038 1201 4105 Οὐδὲν
1230 4058 1306 4123 συμ-

99 4150 182 4233 πρὸς
212 4148 248 4211 δὲ
277 4152 314 4214 τὸ
338 4148 483 4237 βελτίους
506 4150 659 4237 γενέσθαι
755 4143 907 4231 βάλλεται
929 4153 1029 4209 ταῦτα

102 4250 198 4316 οὐδὲν
222 4251 398 4339 συμβάλλει
420 4262 520 4318 ταῦτα

52 4357 251 4441 ΧΧΧΙΠ5
286 4356 378 4421 οὐδέν
409 4359 471 4442 ἄρα
507 4359 586 4446 ἔφην
610 4359 660 4426 λέ·
713 4361 805 4427 οὐδέν
830 4364 892 4448 ἄρα
916 4359 1018 4448 λέγεις

97 4483 167 4549 γεις
