2864 4876
576 348 790 418 ..ss-

160 530 295 598 Maximi
318 550 361 595 ex
385 529 434 595 bis
458 533 507 594 est
529 530 686 593 momenti
709 528 800 591 locus
823 545 842 591 e
866 545 891 592 e
911 523 992 592 XIV
1014 522 1212 608 exscriptum
1243 534 1299 611 op·

68 622 140 702 ¹time
149 639 234 702 enim
255 653 304 719 eo,
328 654 414 719 qnae
435 633 570 699 secundi
592 633 722 714 generis
744 631 895 696 codicum
916 632 958 696 sit
979 630 1135 710 condici0,
1159 633 1301 698 illustre·

76 747 124 808 tur.
162 740 273 825 Quare
294 741 479 816 acpcuratius
502 756 578 802 eum
602 741 789 801 tractemus.

161 896 385 979 Responderat
409 913 512 959 senex
534 893 714 975 peregrinis
737 893 1013 975 interrogantibus
1036 891 1132 972 (XIV
1155 894 1200 972 2),
1221 913 1300 956 num

30 1080 32 1085 Ι
77 1002 224 1081 opiniones
246 1003 280 1065 in
302 999 481 1064 secundum
505 1003 656 1079 saeptum
680 998 808 1075 intrent,
832 1016 888 1062 eas
916 999 980 1061 huc
997 998 1180 1080 pervenire,
1213 997 1301 1080 quod

76 1103 102 1164 in
120 1104 298 1168 hominibus
320 1107 491 1167 remaneat
514 1103 613 1166 etiam
636 1105 740 1186 potus,
764 1120 863 1182 quem
886 1101 1072 1183 porrexerit
1097 1101 1238 1179 fallacia,
1261 1102 1301 1164 si-

76 1207 193 1290 mulque
215 1208 399 1290 ignorantie
421 1210 453 1269 et
476 1205 676 1286 insipientia3
710 1203 830 1269 deinde
862 1241 905 1250 -
938 1209 974 1268 ut
1007 1204 1141 1268 secundi
1173 1205 1302 1286 generis

10 1356 13 1371 .
75 1309 185 1374 codices
199 1329 379 1393 sequamur
393 1344 430 1357 -
447 1309 554 1391 pergit
568 1309 628 1371 ita:
651 1306 707 1369 καλ
730 1307 767 1370 οὐ
791 1309 834 1392 μὴ
857 1304 986 1392 &settin
999 1305 1055 1371 ἀπ’
1070 1308 1173 1383 αὐτῶν
1191 1305 1299 1392 οὔδ’ό]

74 1407 138 1489 δόξα
165 1410 238 1476 οὔδ’
269 1411 291 1497 ἡ
323 1410 420 1496 λοιπὴ
443 1412 542 1474 κακία
565 1407 674 1495 μέχρις
698 1411 736 1475 ἂν
759 1409 953 1496 ἀπογνόντες
976 1419 1031 1495 τῆς
1055 1408 1299 1494 ψευδσπαιδείας

71 1514 244 1582 εἰσέλθωσιν
268 1501 310 1592 εἰς
333 1516 390 1601 τὴν
414 1512 569 1602 ἀληθινὴν
594 1512 668 1578 δδδν
691 1512 747 1576 καλ
769 1512 863 1578 πίωσι
886 1515 943 1600 τὴν
964 1513 1084 1579 τούτων
1097 1513 1299 1600 καθαρτικὴν

68 1617 197 1705 δύναμιν.
229 1620 396 1684 Hactenus
419 1621 529 1683 omnia
552 1624 640 1683 recte
663 1637 699 1682 se
721 1619 859 1702 habent3
881 1617 984 1682 sedin
999 1618 1117 1682 iisdem
1136 1620 1303 1684 codicibus

65 1718 134 1787 cnm
156 1725 224 1789 iilis
244 1724 354 1787 verbis
378 1724 459 1786 baec
481 1724 737 1804 coniunguntur:
771 1720 826 1784 καλ
848 1719 1010 1808 ἐκβάλωσι
1032 1723 1071 1786 τὰ
1093 1724 1183 1786 κακὰ
1205 1721 1303 1788 πάνθ’

61 1808 131 1891 ὅσα
150 1827 262 1912 ἔχουσι
292 1825 348 1889 καὶ
382 1827 439 1902 τὰς
473 1823 567 1904 δόξας
590 1824 645 1887 καὶ
667 1827 724 1909 τὴν
748 1825 878 1909 ἄγνοιαν
902 1824 957 1888 καὶ
979 1827 1035 1910 τὴν
1059 1824 1174 1912 λοιπὴν
1196 1837 1302 1892 πᾶσαν

58 1929 367 1996 κακόαν-ἱόαιιόα
389 1931 559 1995 vocabulis
588 1928 643 1992 καλ
666 1930 703 1993 οὐ
727 1931 770 2014 μὴ
794 1927 922 2015 ἀπέλθῃ
948 1932 1118 2014 usquead
1142 1933 1304 1996 vocabule

55 2032 113 2098 καί
136 2037 192 2119 τὴν
215 2032 330 2119 λοιπὴν
355 2043 461 2098 πᾶσαν
485 2031 602 2097 κακίαν
626 2035 737 2098 omnia
760 2037 968 2100 cohaereant.
1215 2033 1217 2036 ’

136 2151 137 2154 ¹
164 2192 206 2257 At
228 2193 302 2274 quis
325 2196 381 2270 est,
405 2193 462 2274 qui
482 2190 589 2255 dicat:
624 2191 662 2254 ob
685 2191 728 2274 μὴ
751 2187 880 2274 seties
904 2188 959 2253 ἀπ’
981 2189 1084 2254 αὐτῶν
1102 2188 1209 2274 σῦθ’ἡ
1226 2189 1303 2269 δόξα

53 2293 132 2360 oue’
160 2293 182 2378 ἡ
212 2292 309 2379 λοιπὴ
339 2293 439 2358 κακία
462 2292 572 2380 μέχρις
596 2295 633 2358 δν
662 2330 705 2342 -
736 2291 898 2380 ἐκβάλωσι
925 2295 966 2358 τα
992 2296 1081 2357 κακὰ
1115 2292 1213 2358 πάνθ’
1243 2295 1304 2358 δσα

52 2401 172 2486 ἔχουσι
194 2398 249 2462 καὶ
272 2399 328 2476 τὰς
352 2397 446 2477 δόξας
468 2399 524 2461 καί
544 2400 601 2483 τὴν
625 2399 754 2482 ἄγνοιαν
778 2396 833 2460 καὶ
853 2399 910 2482 τὴν
933 2395 1048 2482 λοιπὴν
1068 2406 1174 2463 πᾶσαν
1186 2396 1314 2463 κακίαν.

55 2542 102 2553 -
127 2505 182 2568 vel
204 2505 306 2568 latine
328 2505 355 2567 si
378 2509 500 2570 vertas:
523 2523 685 2588 nunquam
707 2500 827 2566 recedet
850 2501 889 2566 ab
911 2502 1096 2588 illisosque
1118 2504 1226 2588 opinio
1248 2523 1304 2568 ecc

54 2608 184 2693 reliqua
213 2608 340 2672 mulitia
372 2605 469 2672 donec
492 2608 638 2672 eiecerint
662 2613 690 2670 et
712 2607 875 2690 opiniones
897 2612 925 2670 et
946 2607 1102 2691 reliquam
1124 2607 1305 2671 maiitiam?

53 2715 156 2778 Duae
171 2717 259 2776 certe
277 2713 328 2774 bic
341 2714 375 2775 in
390 2731 490 2775 unam
503 2713 695 2776 coaluerunt
718 2715 836 2794 partes,
859 2728 1001 2791 quarum
1023 2712 1113 2792 prior
1135 2716 1202 2775 est:
1224 2731 1304 2775 eun·
1412 2756 1414 2761 ·

54 2836 156 2903 quam
177 2813 308 2879 recedet
332 2815 438 2898 opinio
473 2814 512 2878 αό
545 2815 610 2878 iilis
643 2812 740 2877 doerec
773 2814 857 2878 niam
887 2834 995 2878 ueram
1016 2815 1151 2899 inpressi
1169 2815 1304 2899 perpati

55 2925 154 2985 erunt
168 2920 326 2983 -aItera
347 2919 382 2982 id
405 2920 596 2997 continetur,
619 2918 707 3001 quod
732 2937 775 2983 cx
798 2937 837 2983 co
860 2920 1078 3004 consequitur,
1101 2918 1190 3002 quod
1212 2919 1303 2982 viam

56 3041 177 3087 veram
199 3023 338 3104 ingressi
360 3025 490 3104 purgati
512 3028 595 3088 sunt.

164 3161 315 3240 Accedit,
349 3161 454 3245 quod,
489 3163 572 3225 hanc
594 3161 743 3226 codicum
766 3162 961 3244 scripturam
983 3162 1010 3224 si
1032 3163 1228 3244 accepimus,
1265 3179 1305 3226 aa

55 3283 149 3350 quae
170 3266 386 3348 insequuntur
408 3265 512 3329 verba
533 3263 604 3328 τότε
628 3265 665 3328 ἂν
690 3265 773 3328 οὕτω
796 3263 1027 3349 obsecutae)
1050 3267 1182 3330 omnino
1198 3266 1306 3330 soluta

55 3389 78 3434 a
101 3370 240 3455 reliquis
263 3387 324 3433 nec
347 3390 421 3432 cum
445 3370 711 3434 antecedentibus
732 3389 793 3435 nec
815 3389 891 3434 cum
915 3371 1065 3450 proxime
1090 3370 1305 3451 sequentibus

54 3477 138 3558 apte
160 3478 294 3555 possunt
314 3475 482 3557 coniungi3
516 3492 620 3556 quare
655 3475 725 3539 iure
747 3474 888 3538 offensus
910 3474 1072 3538 librarius
1087 3474 1207 3555 aliquis
1232 3480 1305 3556 post

53 3574 132 3639 τότε
154 3577 289 3640 inseruit
312 3578 511 3642 vocabulum
534 3578 614 3660 γὰρ,
648 3578 736 3661 quod
759 3579 900 3661 legimus
922 3579 956 3641 in
977 3573 1204 3663 BRDWEF3
1238 3597 1304 3663 quo

54 3686 174 3744 temen
196 3680 316 3745 inserto
339 3683 475 3746 minime
499 3688 548 3746 est
570 3683 660 3746 locus
684 3682 885 3748 emendatus.
950 3683 1145 3761 Accusatius
1168 3685 1306 3747 enimsi

53 3783 299 3870 quisinqnirat,
321 3779 530 3849 heec'verba
552 3787 767 3868 posteriorem
790 3805 862 3851 esse
884 3792 1013 3869 partem
1036 3785 1184 3873 eiusdem
1207 3805 1306 3850 enun-

52 3887 142 3970 tiati,
163 3888 255 3950 cuius
278 3890 366 3969 prior
389 3889 591 3953 avocebulis
601 3888 657 3951 καὶ
669 3886 831 3975 ἐκβάλωσι
845 3892 966 3975 incipit,
988 3891 1085 3955 facile
1095 3891 1158 3955 sibi
1172 3909 1303 3973 persua·

52 3991 148 4056 deat.
192 3991 256 4056 Sed
278 3992 485 4056 desideratur
506 3994 632 4076 aliquid
657 3996 690 4058 in
712 3995 800 4058 illius
823 3996 983 4060 enuntiati
1003 3996 1112 4074 initi0;
1134 4031 1176 4042 -
1200 4000 1307 4059 exstet

23 4524 26 4529 ⁴
112 4486 115 4495 '
169 4490 244 4565 1)δὴ
263 4491 334 4550 cisat
359 4489 468 4568 Sauppe
483 4513 507 4570 p.
519 4493 584 4550 ¹775.
