2864 4876
603 327 798 402 ‘-2—

193 512 257 576 Sed
291 511 344 575 hic
377 528 442 575 non
471 512 505 575 in
533 512 644 577 animo
676 516 726 576 est
754 515 937 589 accuratius
963 513 1048 576 hanc
1076 532 1146 577 rem
1180 517 1327 590 tractare,

89 617 201 696 paucis
223 619 349 680 tantum
365 618 533 698 attingam,
556 618 722 681 Fortunae
744 618 922 681 simulacra
945 619 978 681 in
1000 618 1098 699 globo
1120 617 1327 696 collocatae)

90 725 155 801 quo
176 721 318 800 primum
342 724 490 802 tempore
512 720 684 784 videantur
705 740 776 784 esse
798 721 893 799 licta,
927 720 1159 802 inquirendum
1182 722 1275 785 nobis
1297 725 1326 783 el

88 823 236 885 locorum
257 823 431 908 similium,
454 824 510 905 qui
532 823 620 905 apud
644 822 846 904 Platonem)
869 825 950 888 alios
974 842 1037 888 non
1059 824 1324 906 paucividenlur·

90 931 227 1012 exstare,
250 946 323 991 esse
343 928 505 991 rationem
529 927 726 992 habendam.

193 1032 300 1095 Antea
314 1032 410 1108 enirn,
433 1031 522 1114 quod
536 1032 701 1115 reliquum
719 1036 775 1111 cst,
798 1052 885 1116 quae
901 1035 964 1096 arti
979 1034 1110 1096 criticae
1131 1033 1207 1095 huic
1217 1031 1319 1096 libello

89 1134 296 1199 adhibendae
319 1139 446 1198 exstent
475 1135 630 1220 subsidia,
653 1155 860 1219 quaeramus,
883 1139 1078 1219 acprimum
1094 1137 1238 1220 quidem,
1260 1135 1319 1218 qui·

90 1240 150 1302 bus
173 1240 281 1303 adhue
303 1241 366 1302 sint
388 1240 440 1302 usi
462 1240 526 1302 viri
548 1238 643 1319 dccli,
664 1259 874 1323 exponamus.

196 1672 218 1742 ¹]
254 1687 275 1724 c.
292 1670 346 1723 VII
365 1671 414 1740 1,3.
431 1671 524 1724 XXIX
542 1672 565 1725 3.
591 1703 626 1712 -
656 1673 688 1724 cs.
713 1672 806 1725 locum
831 1672 1006 1725 simillimum
1030 1689 1045 1724 e
1068 1673 1189 1725 Pacuvio
1215 1671 1327 1724 ellatur

92 1760 122 1810 in
140 1758 254 1810 eretor.
272 1758 308 1810 ad
325 1758 444 1814 Herenn.
463 1759 489 1810 II
508 1759 555 1829 22,
580 1759 621 1812 36.
657 1758 739 1828 Trug.
762 1759 808 1812 lat.
831 1759 879 1812 rel.
897 1759 938 1812 ed.
957 1759 987 1812 Ο.
1004 1759 1138 1812 Ribbeck.
1174 1753 1327 1828 Lps.185⁴¹

86 1859 116 1913 p.
135 1844 185 1896 104
203 1859 244 1913 sq.
279 1845 372 1898 Scaen.
389 1845 470 1898 Rom.
492 1848 582 1915 poesis
600 1847 699 1916 fragm.
717 1862 767 1898 sec.
785 1862 841 1898 cur.
859 1862 910 1898 rec.
929 1845 959 1898 Ο.
977 1845 1112 1898 Ribbeck.
1129 1845 1150 1898 I.
1177 1845 1238 1914 Lps.
1256 1840 1325 1897 187

91 1949 116 2001 p.
135 1932 186 1983 124
203 1947 262 1999 sqq.
280 1931 407 1985 Ribbeck
425 1932 451 1984 d.
469 1948 554 2002 roem.
572 1932 653 2000 Trag.
670 1935 711 1984 im
730 1932 860 1985 Zeitalber
881 1933 906 1985 d.
924 1932 991 2000 Rep.
1009 1931 1072 2001 Lpz.
1092 1931 1167 1985 1875.
1186 1948 1211 2001 p.
1223 1933 1272 1984 251
1297 1943 1327 1982 a

195 2055 218 2124 ²)
253 2053 297 2108 Fr.
305 2053 459 2124 G.Klopfer
468 2054 617 2108 deCebetis
635 2055 731 2108 tabula
749 2056 906 2114 dissertatio
915 2054 935 2108 1.
943 2055 1111 2108 Zwiccaviae
1120 2054 1196 2107 181⁸.
1214 2055 1304 2123 Prgr.
1323 2063 1327 2114 ἶ

83 2140 114 2191 v9.
127 2140 159 2191 15
172 2154 231 2207 sqq.
250 2139 290 2192 23.
307 2171 343 2180 -
360 2141 391 2192 cf.
403 2141 471 2209 Rep.
488 2141 521 2194 X.
539 2158 563 2209 p.
581 2141 633 2193 614
651 2158 710 2211 sqq.
729 2158 813 2211 quem
830 2142 923 2194 lecum
941 2143 997 2195 iarn
1016 2142 1050 2196 la
1062 2140 1143 2194 Wolf
1156 2141 1206 2194 alii
1217 2135 1327 2195 cebet?

92 2227 261 2279 editionibus
279 2227 455 2280 addiderunt.
