2864 4876
662 333 875 397 ..14-

146 509 215 571 solo
241 510 300 571 hoc
322 509 514 588 argumento
529 520 594 568 nou
609 507 711 587 possis
727 507 794 570 niti.
839 506 903 570 Sed
920 505 1046 570 accedit
1067 506 1178 589 alind,
1200 507 1279 571 libri
1301 509 1392 572 enim

146 616 371 693 tegumentum
394 611 525 673 omnino
548 610 721 673 Francisco
752 610 775 673 l.
797 615 955 691 regnante
976 612 1180 690 (1515-47)
1204 613 1389 676 confectum

147 723 215 799 est,
251 735 325 777 cnm
362 716 432 778 eius
455 715 548 796 signa
581 713 721 795 gerat¹);
754 716 789 778 in
823 733 888 796 quo
918 716 1045 777 nullum
1075 716 1252 797 vestigium
1282 720 1391 779 exstat

145 825 259 900 postea
280 820 365 882 libro
388 819 456 880 iam
478 818 580 898 ligato
604 818 671 879 alia
693 818 880 895 accessisse,
912 820 1107 898 praesertim
1130 838 1206 883 cum
1228 820 1391 904 Polyaeni
1419 839 1424 850 ·

144 924 320 1004 strategica
342 925 473 985 centum
497 925 528 984 et
551 919 769 1003 quadraginta
791 921 943 985 foliorum
967 923 1110 1002 spatium
1132 923 1299 1004 impleant,
1326 924 1390 985 nisi

146 1026 231 1089 libro
255 1028 321 1087 iam
345 1026 445 1105 ligato
469 1025 610 1087 conicias
634 1041 682 1102 ea,
705 1042 791 1105 qnae
813 1025 938 1109 insunt,
962 1043 1035 1089 esse
1056 1027 1275 1107 transscripta,
1299 1025 1389 1108 quod

145 1131 226 1192 mihi
248 1131 377 1211 longius
400 1129 516 1193 abesse
539 1127 669 1190 videtur
692 1147 712 1190 a
735 1130 883 1194 veritate.

249 1235 336 1298 Tum
370 1233 404 1294 in
426 1232 533 1295 indice
557 1250 657 1294 manu
687 1232 927 1316 simillimam,
961 1252 1047 1316 quae
1069 1234 1201 1298 Aeliani
1224 1253 1291 1298 var.
1314 1231 1389 1300 hist.
1420 1275 1422 1278 >

144 1341 309 1422 exaravit,
342 1339 363 1399 s.
387 1338 435 1399 Dl
462 1353 581 1417 graece
614 1337 733 1420 scripto
767 1338 895 1413 omnia,
938 1356 1025 1419 quae
1055 1340 1273 1422 continentur,
1308 1357 1387 1402 enu-

142 1448 329 1519 merantur,
374 1442 518 1522 excoptis
562 1441 656 1504 brevi
700 1445 886 1522 temporum
926 1444 1097 1506 notatione·
1126 1430 1164 1488 '-
1196 1443 1263 1505 alia
1296 1445 1387 1506 enim

142 1566 242 1609 mann
275 1546 372 1608 indict
406 1549 455 1608 est
488 1542 662 1607 addita-
688 1545 848 1608 Demetrii
877 1546 1022 1608 Phalerii
1052 1543 1282 1627 apophthegm.
1314 1564 1389 1628 sep-

142 1656 207 1712 tem
230 1650 427 1730 sapientium
451 1651 483 1711 et
505 1650 671 1711 sententiis
696 1668 738 1712 ex
760 1649 918 1729 Euripide
941 1651 1108 1730 excerptis.
1155 1709 1157 1715 .

245 1754 282 1816 ln
318 1753 422 1816 altero
456 1755 568 1815 autem
601 1752 709 1815 indice
742 1753 762 1814 f.
792 1753 841 1814 llib
875 1754 941 1816 alia
970 1758 1100 1816 vetusta
1127 1773 1228 1817 manu
1265 1764 1388 1836 graece

143 1860 322 1938 conscripto
338 1858 449 1920 omnia
472 1856 668 1919 exhibentur
690 1861 821 1936 praetor
843 1858 1018 1920 sententias
1039 1857 1123 1943 illas,
1145 1857 1202 1921 sed
1219 1859 1386 1923 Bessario·

142 1963 191 2023 nis
226 1962 364 2042 epistola
397 1965 430 2023 et
454 1960 630 2023 Andronici
652 1959 780 2023 Callisti
814 1960 967 2024 monodia
1001 1962 1068 2024 alia
1100 1948 1201 2023 manu
1231 1960 1387 2035 videntur

142 2065 275 2129 additae
308 2084 396 2148 esse3
437 2065 470 2126 in
503 2066 595 2127 cuius
628 2064 743 2127 indicis
779 2067 843 2127 fine
877 2064 994 2127 eadem
1018 2084 1119 2128 manu
1142 2070 1280 2129 exarata
1302 2066 1387 2130 haec

142 2169 343 2251 legurrtur²):
366 2177 472 2252 κτῆμα
496 2165 647 2231 decuriae
671 2175 726 2231 τοῦ
743 2167 899 2253 ἐπάρχορ,
924 2166 1075 2232 tessara
1086 2175 1131 2251 τῷ
1144 2167 1385 2252 ἐπιφανεστάτῳ

142 2271 330 2356 φραγκίσκῳ
344 2278 388 2355 τῷ
400 2267 540 2352 κραταίῳ
554 2270 680 2356 βασιλεῖ
688 2271 820 2354 κελτῶν,
832 2272 875 2348 εἰς
888 2270 1087 2356 εὐχαριστίας
1101 2280 1240 2357 σημεῖον.
1269 2273 1383 2356 Quam

141 2379 288 2440 notulam
328 2378 399 2458 ipse
443 2375 603 2438 Antonius
643 2362 841 2458 Eparchus³)
885 2375 1050 2439 addidisse
1093 2378 1144 2438 in,
1171 2378 1278 2441 indice
1324 2379 1385 2442 illo

141 2501 241 2544 manu
256 2481 378 2544 recenti
392 2480 452 2542 toti
466 2479 550 2542 libro
565 2482 713 2560 praefixo
736 2481 861 2558 dicitur,
885 2480 970 2562 quod
996 2499 1055 2560 per
1077 2499 1113 2543 se
1136 2485 1184 2545 est
1198 2483 1385 2562 probabile.

243 2583 308 2647 Sed
341 2584 375 2646 in
409 2583 526 2647 eodem
546 2583 653 2648 indice
676 2585 806 2648 Aeliani
832 2604 901 2647 var.
932 2585 1005 2650 hist.
1028 2585 1071 2648 ab
1095 2583 1211 2647 eodem
1236 2583 1383 2649 Antonio

140 2685 291 2769 Eparcho
326 2705 398 2751 esse
431 2686 594 2768 descripta
621 2688 827 2770 perhibetur,
859 2687 947 2770 quod
970 2688 1059 2751 idem
1083 2688 1251 2758 vocabulis
1275 2688 1383 2753 Manu
1410 2671 1416 2676 ²

140 2793 256 2856 Arctoa.
279 2779 423 2876 Epcrcbi
457 2793 477 2856 f.
500 2793 556 2855 19ὃ
587 2793 620 2854 in
643 2794 792 2874 margine
818 2794 988 2874 superiore
1011 2812 1112 2855 manu
1134 2793 1278 2870 recenti,
1317 2796 1384 2857 for·

140 2902 226 2960 tasse
248 2896 367 2960 eadem
389 2915 475 2980 quae
497 2895 640 2959 indicem
663 2897 864 2980 conseripsit,
888 2896 1000 2978 positis
1024 2894 1154 2958 videtur
1177 2896 1383 2979 confirmari3

140 2991 258 3065 eadem
280 3020 397 3065 manus
416 3001 450 3063 in
471 3001 577 3082 primo
601 3001 698 3064 totius
720 2999 797 3064 libri
819 3000 913 3083 folio,
943 2999 1031 3082 quod
1054 3004 1131 3063 nota
1153 3004 1257 3084 caret,
1280 3000 1383 3065 adno-

411 3100 424 3210 Ῑ
447 3122 623 3205 Constantii

137 3229 238 3292 tavit:
271 3225 374 3290 Marta
446 3225 576 3292 Masuri
615 3233 618 3238 '

446 3330 596 3416 Eparcbi.

136 3438 209 3517 post
234 3435 433 3499 vocabulum
460 3435 636 3501 Constantii
668 3434 831 3499 vocabula
854 3435 927 3497 Aut.
950 3433 1050 3518 Epor.
1086 3438 1214 3498 exstant
1248 3435 1381 3521 scripta,

242 3693 263 3762 ¹)
299 3690 376 3744 Essai
393 3691 548 3760 historiqne
566 3708 614 3744 sur
631 3693 659 3744 la
678 3687 869 3760 bibliotheque
887 3693 925 3745 dn
944 3692 1004 3745 Roi.
1024 3693 1090 3763 [Par
1106 3692 1143 3744 Le
1155 3693 1272 3763 Prinos]
1292 3693 1381 3749 Puris.

137 3778 211 3831 1782.
229 3795 254 3846 p.
273 3778 322 3830 262
341 3794 380 3846 sq.
399 3778 502 3831 Delisle
520 3779 538 3832 l.
556 3779 573 3831 l.
592 3796 617 3847 p.
636 3779 685 3830 182
706 3794 745 3847 sq.

238 3867 263 3934 ²)
300 3865 452 3933 Schweigh.
473 3866 547 3918 1798.
566 3867 648 3934 praef.
668 3883 693 3934 p.
712 3865 808 3918 CXXI.

237 3955 262 4021 ⁸)
298 3952 340 4004 De
358 3953 423 4005 Ant.
447 3953 498 4022 Ep.
516 3955 547 4005 cf.
570 3953 648 4005 Essai
675 3954 839 4021 historique.
857 3971 882 4022 p.
901 3955 941 4007 20.
960 3954 1063 4007 Delisle
1082 3955 1098 4006 l.
1117 3954 1133 4006 l.
1153 3972 1176 4023 p.
1196 3956 1259 4007 157:
1296 3959 1324 4009 lt
1343 3969 1380 4010 ert

135 4051 253 4092 coustant
275 4044 317 4107 φατ’
341 4042 453 4093 Autome
477 4029 602 4108 &parque
627 4045 695 4094 croit
720 4046 778 4094 obes
802 4046 841 4095 lui
864 4047 913 4094 bon
937 4047 1040 4095 tzornbrc
1063 4048 1094 4094 dc
1111 4047 1266 4095 otarrurcrr'ts
1285 4054 1309 4096 et
1329 4065 1380 4112 pete

136 4130 270 4190 Fruupois
294 4130 333 4179 Ier
357 4130 406 4180 tait
428 4130 459 4195 fit
484 4132 591 4195 quelque
609 4131 672 4180 bien.
707 4131 792 4181 Eutre
816 4134 850 4182 les
868 4133 1021 4183 marruscrr'ts
1038 4149 1108 4196 prees
1127 4149 1175 4196 pue
1192 4150 1258 4183 uoces
1280 4151 1381 4194 spor-oo

136 4217 317 4265 certairremartt
331 4217 403 4266 avoir
414 4217 472 4281 fait
485 4219 573 4281 partie
593 4219 623 4265 da
635 4219 662 4266 lu
680 4218 847 4282 bibliothbque
867 4221 897 4269 de
912 4221 1122 4282 l‘bntaiuedleau,
1141 4236 1207 4270 trous
1226 4236 1258 4269 err
1281 4237 1380 4286 coporis

131 4302 192 4365 plus
217 4303 247 4351 ds
271 4309 352 4352 trente
376 4319 410 4352 ott
433 4288 558 4367 Eliosque
583 4301 683 4353 de'clarc
708 4305 770 4367 qu‘il
794 4306 828 4354 les
852 4307 937 4354 donica
961 4323 998 4355 au
1020 4307 1062 4356 roi
1079 4324 1133 4371 par
1158 4310 1380 4360 recormot'ssarrce.

135 4384 248 4453 (Boivin
272 4386 388 4439 histoire
411 4386 459 4438 des
478 4403 526 4439 ms.
544 4401 622 4454 greos
640 4387 674 4438 de
692 4387 823 4455 Franpois
842 4389 884 4441 lor.
917 4392 949 4442 sl.
967 4389 1070 4444 Delisle
1089 4394 1173 4458 prael.
1192 4408 1217 4460 p.
1235 4391 1301 4442 VIll
1322 4395 1378 4464 sq.)

134 4471 240 4524 Nicolai
261 4472 355 4526 Gesch.
375 4473 400 4526 d.
418 4475 575 4542 neugrieclr.
595 4471 740 4528 Literotur.
759 4475 822 4543 Lpz.
841 4476 957 4546 totoqp.
975 4476 1016 4529 86.

90 4556 183 4598 .-
