2864 4876
656 328 861 398 ..ιιι-

133 506 169 571 in
191 504 303 573 codice
325 502 368 586 Α,
392 508 450 589 qni
472 506 554 574 haec
575 507 676 571 babet
701 509 830 573 verba:
842 505 898 569 καί
921 504 1015 570 πίωσι
1036 508 1092 583 τὰς
1115 506 1234 572 τούτων
1254 505 1382 592 καθαρ-

135 612 224 687 τινας
247 610 431 696 δυναμεις
443 609 1223 697 ἶκιαὸτανκαθαρθῶσικαίἐβάλωσι.

241 717 417 781 Vocabulis
455 713 521 777 εἶτα
558 715 633 778 ὅταν
671 713 866 798 καθαρθῶσι
902 717 1066 796 receptis
1089 718 1177 797 prior
1221 736 1297 797 pars
1336 719 1383 780 ita

135 823 316 884 secernitur
345 838 366 883 a
397 819 591 901 posteriore,
626 823 661 880 ut
683 838 704 882 a
726 819 889 883 vocabulo
919 818 985 881 εἶτα
1008 817 1092 882 haec
1114 821 1221 900 capiat
1243 822 1383 903 Initium,

135 926 264 987 finiatur
286 924 344 986 illa
365 922 534 987 vocabulis
556 906 612 997 τὰς
634 919 754 985 τούτων
777 919 977 1005 καθαρτικὰς
1000 918 1163 1006 baralirem
1187 924 1300 1006 itaque
1325 942 1381 1005 op-

135 1030 214 1091 timo
240 1026 387 1109 procedit
416 1031 489 1090 orat
491 1026 529 1090 io.
565 1025 660 1088 Adde
691 1026 778 1108 quod
800 1026 906 1090 libelli
928 1030 1000 1090 nost
1001 1026 1028 1090 ri
1050 1032 1163 1091 auctor
1185 1031 1383 1111 saepissime

135 1132 296 1195 vocabulo
320 1129 445 1193 strat
409 1150 431 1192 ιι
432 1131 565 1193 tituret
584 1146 632 1206 ea,
655 1148 742 1211 qnae
765 1128 863 1194 modo
885 1130 977 1209 dixit,
999 1130 1116 1193 iisdem
1140 1133 1195 1195 vel
1217 1133 1383 1197 similibus

134 1237 230 1300 solet
239 1238 389 1322 repetere
419 1231 629 1312 vocabulis¹).
924 1246 926 1251 ⁴

237 1338 385 1401 Efficitnr
407 1340 518 1401 autem
540 1339 609 1400 tota
631 1333 693 1400 hac
714 1339 998 1419 argumentatione
1019 1336 1185 1405 uocabula
1211 1340 1279 1403 εἶτα
1303 1340 1382 1406 ὅταν
1409 1383 1414 1391 -

134 1439 327 1524 redeptores
349 1450 414 1505 no'n
436 1459 531 1523 posse
553 1423 617 1504 non
648 1446 736 1505 stare
766 1443 827 1506 hoc
844 1443 926 1526 Ioco,
948 1462 1025 1508 cum
1045 1445 1176 1508 omnino
1196 1446 1383 1509 sintneoes-

134 1547 221 1609 saria
243 1545 284 1608 ad
307 1544 412 1609 verba
433 1548 524 1608 recta
546 1545 780 1610 constituenda.
832 1544 927 1631 Quae
950 1566 1025 1610 cnm
1048 1548 1094 1611 ita
1115 1549 1187 1631 sint,
1209 1551 1379 1613 neminem

134 1655 212 1732 puto
236 1649 396 1727 dubitare,
419 1650 499 1732 quin
521 1647 655 1712 secundi
678 1651 808 1730 generis
832 1647 960 1714 codices
982 1653 1077 1733 aequi
1100 1669 1164 1715 non
1187 1652 1382 1731 debeamus,

135 1755 258 1835 quippe
289 1753 347 1837 qui
377 1753 541 1817 vocabula
571 1754 736 1831 omittant,
778 1755 898 1836 quibus
926 1755 1054 1820 omissis
1078 1760 1146 1819 tola
1170 1757 1384 1838 perturbatur

135 1859 248 1920 oratio.

239 1961 317 2026 Sed'
331 1964 451 2043 restat,
486 1965 540 2044 ut,
576 1960 740 2043 quomodo
776 1963 940 2042 potuerint
962 1947 1157 2029 intercidere
1179 1966 1262 2029 liaeo
1285 1984 1384 2031 voca-

136 2066 229 2149 bula⁷
264 2065 411 2128 doceam.
466 2063 567 2129 Cuius
606 2065 654 2128 rei
688 2063 823 2128 idoneas
856 2065 976 2130 afferre
1009 2086 1125 2131 causas
1163 2068 1297 2132 difficile
1325 2078 1385 2154 cst,

127 2167 214 2231 mibi
229 2168 373 2251 quidem,
391 2172 427 2232 ut
439 2169 627 2251 reperirem,
650 2185 715 2232 non
727 2169 868 2250 contigit.
895 2169 1030 2254 Tamen,
1048 2173 1114 2239 ,etsi
1137 2173 1198 2237 hoe
1220 2174 1382 2259 interpre-

134 2276 174 2336 tis
198 2291 335 2336 mnnere
351 2289 422 2336 non
444 2292 517 2335 sum
535 2273 678 2354 *functus
699 2272 733 2334 in
751 2270 917 2349 codioeA,
941 2274 998 2356 qui
1020 2276 1198 2356 integriora
1220 2277 1383 2343 exhibeat

138 2378 284 2440 auctoris
306 2376 418 2459 verba,
442 2376 573 2440 omnino
595 2375 697 2439 nobis
712 2376 961 2465 fundamentum
979 2396 1050 2443 esse
1065 2378 1252 2460 ponendum
1272 2387 1385 2446 artem

135 2482 282 2544 criticam
304 2481 507 2558 factitaturis,
529 2477 617 2562 quod
639 2479 677 2543 H.
691 2476 826 2561 Sauppe
848 2480 1023 2544 aliislocIs
1045 2483 1198 2563 probavit
1220 2485 1265 2565 (p.
1291 2486 1385 2566 772),

133 2587 343 2667 perspicuum
356 2585 426 2664 erit,
450 2585 609 2666 imprimis
621 2601 695 2645 cum
707 2583 861 2668 reliquos,
874 2601 956 2666 quos
969 2585 1072 2664 attuli,
1091 2586 1181 2650 locos
1192 2587 1303 2651 consid
1309 2608 1385 2654 era·

131 2691 228 2752 veris,
260 2688 423 2771 EquIbus
439 2689 475 2773 is,
497 2706 596 2770 quem
618 2687 763 2768 primum
788 2688 935 2772 exhibui,
957 2689 1123 2753 levissimo
1147 2691 1297 2755 remedio
1322 2711 1381 2774 po·

131 2797 192 2856 test
224 2794 354 2870 sanari,
387 2792 434 2855 ita
467 2795 503 2854 ut
524 2792 645 2856 inserto
667 2794 740 2872 post
762 2792 961 2856 vocabulum
984 2789 1157 2878 φαινομένη
1180 2799 1381 2877 pronomine

127 2895 310 2979 plagast}
334 2895 389 2957 καὶ
411 2893 443 2959 ὲν
466 2902 505 2978 τῇ
530 2892 612 2979 χειρί
635 2893 704 2978 ἔχει
723 2895 780 2959 ·vel
802 2894 912 2966 deleto
935 2896 1096 2960 vocabulo
1119 2896 1174 2959 καί
1203 2934 1247 2944 -
1282 2902 1384 2965 cuius

130 2999 361 3081 compendium
383 2999 466 3062 salso
488 3015 548 3079 pro
570 2995 591 3080 ἣ
616 2998 743 3079 putavit
765 3001 897 3069 exstare
919 2999 1073 3063 librarius
1096 2999 1263 3083 quidam²J
1285 3038 1331 3049 ·-
1353 3004 1378 3089 ἢ

130 3100 162 3166 ἐν
185 3111 223 3186 τῆ
247 3101 328 3187 χειρί
351 3101 427 3188 ἔχει,
451 3101 539 3185 quod
562 3101 601 3166 H.
614 3101 746 3182 Sauppe
768 3103 937 3184 proposuit
959 3103 1004 3183 (p.
1024 3103 1112 3184 775).
1146 3103 1197 3168 Ita
1219 3124 1295 3168 cum
1320 3129 1377 3172 res

129 3225 164 3269 se
186 3206 315 3285 habeat,
338 3206 380 3270 de
390 3206 511 3288 plurali
523 3222 660 3270 numero
683 3204 738 3280 τας
750 3202 870 3268 τουτων
886 3203 1086 3288 καθαρτικὰς
1099 3204 1246 3292 δυνάμεις
1275 3211 1381 3304 plura

129 3310 252 3373 addere
264 3308 472 3395 supersedeo,
494 3314 643 3391 praesent
643 3311 689 3371 im
712 3328 787 3373 cum
810 3308 937 3374 dehac
959 3329 995 3375 re
1017 3313 1084 3375 iam
1104 3313 1142 3376 H.
1154 3313 1286 3423 Sauppe
1310 3315 1379 3379 dis-

127 3416 291 3494 putaverit
314 3412 358 3497 (p.
382 3414 478 3494 773).
559 3484 560 3488 ¹

231 3774 252 3841 ¹]
271 3771 337 3823 XIX
356 3773 372 3824 1
395 3777 467 3839 ὅπως
484 3778 545 3841 τοὺς
561 3781 810 3848 superseminans,
834 3782 902 3850 ἔφη,
927 3779 1064 3852 θεραπεία]
1083 3785 1130 3839 ιια1
1147 3788 1241 3853 ποτίζῃ
1259 3783 1309 3854 τὴν
1327 3800 1381 3840 κα-

124 3862 253 3927 baptistis
272 3864 387 3927 δὺναμιν.
423 3864 761 3933 casamassancia,
787 3871 870 3932 οὕτως
893 3871 988 3933 αὐτοὺς
1016 3874 1117 3940 εἰσάγει
1146 3871 1252 3941 [εἰσάγῃ
1277 3875 1382 3938 αὐτοὺς

126 3948 235 4014 Sauppe
254 3948 294 4017 (p.
307 3946 357 3998 773
376 3948 429 4016 sq.)
449 3950 507 4001 cod.
525 3951 566 4008 A
582 3957 706 4023 secutus,
737 3955 786 4022 qui
804 3955 918 4024 praebet
936 3960 1036 4026 εἰσάγει
1058 3958 1164 4027 αὐτοὺς]
1189 3987 1232 4010 —-.
1258 3956 1297 4009 IV
1318 3959 1334 4010 1
1353 3966 1380 4014 εἰ

124 4036 201 4084 ταῦθ’
219 4037 302 4098 οὕτως
316 4037 379 4101 ἔχει.
415 4037 477 4090 ἀλλ’
495 4040 571 4105 ἔστιν,
590 4042 652 4108 ἔφη,
672 4043 755 4105 οὕτως
774 4045 880 4109 ἔχοντα.
915 4041 953 4094 IV
972 4043 989 4094 3
1008 4047 1131 4110 octavia,
1149 4048 1228 4098 ποίαν
1247 4047 1311 4098 ὁδὸν
1331 4050 1381 4118 ab·
1406 4110 1409 4117 Ι

123 4123 185 4182 τοὺς
203 4123 242 4173 δεῖ
260 4124 372 4186 βαδίζειν
399 4151 441 4174 -.
479 4128 558 4177 ποίαν
577 4128 623 4179 οῦν
641 4131 704 4180 ὁδὸν
723 4131 829 4182 astraba
847 4133 960 4196 βαδίζειν
981 4132 1088 4201 ῆπῶς;
1120 4131 1151 4183 af.
1177 4130 1200 4182 V
1228 4129 1251 4182 3.
1281 4129 1323 4182 VI
1354 4133 1379 4186 2.

125 4204 193 4256 VIII
210 4206 233 4274 1,
252 4207 274 4258 2.
293 4206 319 4256 Χ
331 4206 355 4258 4.
373 4207 452 4260 XXV
472 4209 495 4262 3.
513 4209 633 4263 XXVIII
652 4213 675 4266 1.
693 4213 813 4265 XXXIII
830 4215 848 4266 4
864 4246 900 4256 -
929 4232 963 4267 ne
982 4217 1072 4268 (licam
1091 4216 1125 4269 de
1143 4216 1286 4270 vocabulis
1305 4221 1377 4285 ὁρᾷς

122 4323 158 4332 -
182 4296 250 4358 ὁρῶ,
275 4297 354 4360 ὁρᾶτε
378 4326 413 4335 -
437 4299 540 4365 ὁρῶμεν
564 4301 723 4368 saepissima
746 4302 861 4356 iteratis.
889 4333 925 4344 -
955 4309 1012 4358 siro
1042 4305 1181 4372 reperitur
1214 4303 1258 4355 hle
1289 4305 1379 4358 etiam

123 4379 203 4431 locis:
223 4378 261 4429 VI
280 4380 302 4432 2.
321 4380 346 4431 X
366 4381 390 4434 4.
410 4382 449 4433 XI
468 4384 491 4453 1,
510 4385 532 4436 2.
551 4383 617 4436 XVI
634 4385 658 4455 3,
676 4385 700 4438 4
720 4385 786 4437 XIX
805 4389 828 4440 1.
847 4388 940 4440 XXIX
959 4389 983 4442 4
1002 4389 1108 4441 XXXII
1130 4390 1155 4444 4.

228 4467 252 4538 ²)
270 4468 336 4520 Bast
356 4475 502 4523 comment.
521 4471 659 4539 palaeogr.
677 4488 703 4541 p.
721 4472 772 4526 716
792 4488 831 4542 sq.
850 4474 917 4532 815..
