2864 4876
117 1952 184 2036 Qui
212 1955 390 2017 novissime
412 1952 608 2018 Cebetis
638 1972 724 2037 quae
754 1954 856 2018 lertur
886 1955 1035 2019 tabulam
1059 1955 1170 2034 edidit,
1192 1957 1254 2022 ΕΒ.

73 2059 232 2138 OSIHN'),
266 2060 299 2121 in
330 2060 428 2140 prael.
464 2078 492 2140 p.
515 2058 572 2122 Ill.
598 2057 640 2121 de
662 2059 758 2121 huius
782 2058 886 2123 libelli
908 2065 1018 2123 aetate
1040 2060 1106 2124 elio
1128 2061 1199 2125 loco
1221 2078 1257 2125 se

73 2157 256 2242 putaturum
273 2163 428 2243 promisit.
462 2162 525 2225 Sed
548 2168 760 2243 praematura
775 2167 880 2226 morte
896 2164 1061 2248 abreptus,
1083 2167 1257 2247 quominus

73 2271 115 2328 ret
141 2269 325 2349 promissis,
355 2266 531 2348 impeditus
562 2270 618 2330 est.
663 2265 748 2330 Cum
775 2271 887 2332 nutem
910 2269 1016 2331 multa
1037 2269 1105 2331 iem
1127 2285 1258 2351 conges-

73 2375 109 2432 et
138 2371 179 2434 de
212 2373 275 2434 lrac
307 2390 364 2455 re,
401 2369 518 2448 edidit,
554 2389 651 2453 quoe
672 2371 706 2434 in
739 2350 883 2435 defuncti
911 2372 1038 2435 schedis
1061 2379 1259 2459 reppererat,

73 2473 234 2554 3TLE1N2).
290 2474 365 2557 Qua
398 2475 431 2537 in
464 2493 501 2536 re
535 2475 596 2537 etsi
629 2479 720 2537 reete
753 2475 917 2556 ingressus
953 2475 1009 2538 vie
1042 2481 1177 2540 conatus
1212 2483 1261 2542 est

73 2580 158 2641 osilm
193 2597 257 2642 non
290 2594 385 2659 posse
416 2578 503 2641 hunc
535 2578 686 2641 libellum
709 2578 825 2642 heberi
848 2597 906 2660 pro
929 2580 1070 2660 genuino
1093 2597 1114 2642 a
1136 2579 1260 2646 Cebete

75 2683 176 2746 ebeno
204 2684 383 2764 composito
413 2684 566 2763 probare,
601 2683 705 2746 multe
732 2686 845 2746 temen
874 2683 1009 2770 reliquit
1035 2681 1259 2770 disceptanda,

73 2787 123 2848 tlte
144 2787 296 2849 incohata
317 2803 381 2849 non
405 2786 445 2848 ad
471 2788 568 2849 finem
592 2786 754 2868 perduxit.
815 2785 940 2870 Quodsi
963 2792 1075 2850 sutem
1097 2789 1135 2852 A.
1158 2789 1259 2853 llber-

73 2889 102 2952 rd
134 2891 303 2970 (Bursisns
337 2891 444 2953 Jlrrsb.
474 2892 566 2954 1873.
594 2891 635 2953 ll.
671 2909 699 2972 p.
733 2889 841 2973 1299.)
878 2891 1011 2955 omuino
1045 2909 1116 2955 esse
1149 2911 1260 2974 super·

73 3013 121 3056 nm
155 2995 233 3057 dicit
265 2995 407 3074 emplius
437 2995 604 3077 inquirere
631 2995 883 3071 inhonorem,
917 2991 998 3058 milri
1031 2995 1165 3076 quidem
1196 3013 1259 3061 uon

73 3100 199 3183 sunsit,
232 3099 290 3162 sed
313 3096 443 3163 omnino
467 3103 545 3179 puto
569 3098 675 3161 denuo
698 3098 792 3161 nobis
815 3098 1072 3180 aggrediendum
1096 3117 1166 3162 esse
1188 3118 1258 3163 rem

73 3219 133 3286 lue,
155 3222 241 3285 quoe
263 3203 470 3266 contulerunt
485 3203 625 3266 Drositm
652 3207 685 3265 et
707 3202 808 3284 quiet
826 3206 1076 3287 antecesserunt,
1093 3204 1260 3266 examina·

90 3306 332 3388 exquirendam.

73 3596 434 3611 *uun——

127 3858 147 3928 ¹]
181 3857 291 3911 Cebetis
308 3856 410 3910 tubulu.
446 3856 625 3924 Recognovit,
645 3855 782 3924 praelatus
796 3859 845 3923 cst,
864 3858 1000 3922 apparatu
1014 3855 1108 3906 critico
1120 3853 1260 3904 instruxit

75 3938 324 3998 clericis-Drosihn.
343 3944 458 4012 Lipsiae.
477 3943 551 3995 1871.
582 3942 754 3993 Bibliotheca
766 3943 857 4010 script.
871 3942 963 3995 Graec.
982 3944 1009 3993 et
1022 3941 1102 3994 Rom.
1122 3937 1260 3991 Teubner.

73 4037 104 4075 ¹¹⁰
123 4033 271 4086 editionem
299 4037 364 4084 notu
382 4031 462 4084 Dros.
485 4047 501 4081 a
526 4047 570 4082 me
593 4029 752 4081 distinctum
778 4045 886 4098 semper
907 4029 939 4079 in
957 4028 1050 4080 verbis
1071 4025 1261 4079 exscribendis

73 4119 141 4174 pexi.

125 4239 148 4310 ²)
182 4241 235 4293 Die
249 4241 308 4293 Zeit
326 4242 373 4294 des
386 4243 488 4294 ΠΙΝΑΞ
507 4241 672 4292 ΚΕΒΗΤΟΣ.
709 4238 769 4290 Aus
786 4238 840 4290 den
854 4237 988 4307 Pupieren
1001 4237 1049 4289 dee
1063 4235 1262 4288 vereturbenen

73 4317 202 4380 erlehrers
228 4327 352 4380 Droeilm
379 4343 444 4381 vom
474 4327 619 4380 Prorertor
645 4325 773 4378 Dietlein.
813 4323 994 4377 Neu-stettin.
1012 4323 1088 4376 1873.
1124 4323 1202 4390 Prgr.
1227 4353 1262 4362 —·
1333 4334 1334 4338 ’

76 4399 197 4466 Jlusber.
226 4414 271 4468 ub.
296 4414 321 4467 d.
339 4413 477 4466 Forlsrlrr.
501 4415 526 4466 tl.
545 4412 619 4466 cluss.
639 4413 889 4465 Altertlmmswiss.
913 4411 978 4479 trgg.
997 4429 1020 4464 v.
1039 4411 1163 4462 Bursian.
1190 4409 1263 4460 1873.

73 4503 83 4536 ⁸·
104 4492 156 4550 201
174 4517 213 4568 sq.
232 4500 267 4554 11.
287 4516 311 4567 p.
331 4500 405 4552 1299.

1064 4601 1087 4650 l.
