2864 4876
609 331 817 392 „13-

89 520 168 566 eum
180 504 321 586 amptius
331 505 501 568 nominare
513 503 691 586 supersedi-
706 503 794 584 quod
807 521 849 565 ex
862 502 1004 565 editione
1016 503 1129 584 atique
1141 503 1335 584 scripturam
1383 511 1384 514 ’

91 609 261 688 vulgatam
284 609 460 672 exhibente
483 627 559 671 eum
582 608 829 686 transscriptum
854 607 1063 670 manifestum
1089 610 1145 669 est.

199 729 369 809 Superest,
404 731 438 790 ut
468 728 509 790 de
541 721 703 792 codiceti
735 745 834 810 quem
856 729 926 808 ipse
951 729 1010 790 boc
1032 746 1117 790 enno
1142 727 1337 810 Vireeburgi

97 833 415 895 exoussinonnntla
448 832 578 895 addam.
631 833 680 895 Ac
713 833 857 912 prunum
892 831 1042 913 amdam,
1077 852 1177 914 quam
1210 835 1338 896 nonsit

100 931 175 999 fides
205 936 359 1000 habende
389 937 557 1017 seripturis
591 935 673 998 ati.
696 935 1008 1016 Schweighaeusero
1032 918 1189 1022 enotatis,
1222 937 1336 1020 depre-

103 1035 213 1118 hendi3
247 1058 348 1122 quae·
368 1041 465 1102 enim*
491 1058 591 1102 mauu
620 1041 844 1103 recentissima
865 1039 910 1103 ibi
935 1045 1061 1103 exstant
1083 1043 1223 1125 scripta,
1257 1045 1337 1104 torn·

106 1152 195 1222 quam
217 1163 318 1206 manu
340 1145 448 1225 prime
471 1147 577 1206 essent
599 1149 753 1227 exarata,
783 1145 816 1205 in
837 1145 973 1226 reliquis
997 1147 1210 1209 enumeravit
1255 1145 1337 1208 Tres

109 1251 205 1310 autem
222 1267 339 1310 manus
356 1247 508 1311 diversae
523 1251 736 1310 correxerunt
752 1249 837 1310 bunc
859 1247 1015 1332 codicem,
1039 1268 1120 1331 quas
1136 1251 1183 1312 ita
1197 1249 1338 1312 'distinxi

113 1350 244 1434 t'o‘²e³3
267 1355 300 1414 iu
323 1353 472 1431 margine
493 1353 520 1413 si
543 1351 707 1430 adscripta
730 1355 776 1414 est
794 1351 991 1430 emendatio
1015 1351 1128 1415 addidi
1150 1353 1293 1416 litteram
1304 1374 1337 1416 m

95 1508 96 1515 ,
115 1475 197 1538 supra
212 1477 344 1521 versum
364 1456 477 1539 t'e'mt3
499 1456 608 1518 littera
631 1470 716 1519 ome
739 1453 901 1532 dubitare,
925 1475 1027 1537 aqua
1043 1475 1143 1519 manu
1158 1459 1199 1520 sit
1215 1474 1338 1521 correc-

115 1562 312 1642 tumefacta,
342 1561 543 1648 signitioavi3
566 1559 684 1623 iisdem
711 1560 743 1622 in
759 1560 895 1641 reliquis
918 1577 1050 1641 quoque
1073 1560 1239 1624 codicibus
1262 1581 1339 1625 usus

117 1683 174 1726 sum
194 1667 284 1728 notis.
324 1698 326 1702 >
1276 1667 1279 1672 ’

201 1787 249 1849 Ea
272 1776 409 1864 manua·
428 1806 528 1868 quam
551 1791 628 1848 nota
651 1787 682 1850 e'
708 1785 850 1869 distinxi,
878 1786 1027 1866 proxime
1050 1788 1176 1851 accedit
1201 1794 1233 1852 et
1256 1797 1339 1856 atra-

118 1883 201 1953 menti
231 1892 341 1954 eotore
375 1897 407 1954 et
442 1894 625 1954 litterarum
648 1892 747 1954 ductu
771 1891 810 1952 ad
837 1910 928 1968 eam,
953 1909 1039 1973 quae
1061 1894 1169 1972 ipsum
1193 1895 1337 1959 codicem

119 1994 240 2074 scripsit,
274 1999 321 2058 ita
353 2005 389 2057 ut
412 1995 508 2058 tacite
530 1998 633 2076 possts
657 1995 795 2058 eandem
819 2013 891 2057 esse
914 1994 1043 2078 dinere3
1077 1997 1182 2059 multa
1205 1999 1237 2061 in
1262 2002 1339 2082 ipsis

120 2098 210 2162 verbis
239 2107 271 2163 et
300 2102 333 2162 in
366 2102 512 2181 margine
545 2099 752 2177 emendavit;
786 2108 959 2179 praeterea
985 2100 1051 2162 atio
1085 2101 1194 2164 colore
1230 2122 1339 2182 uranu,

121 2189 190 2279 quae
203 2206 362 2267 recentior
379 2204 508 2266 videtur
535 2221 614 2288 esse,
637 2221 743 2284 pauca
767 2203 833 2264 atie
855 2207 928 2265 sunt
951 2208 1115 2286 correcta3
1142 2206 1337 2270 tertiadeni-

121 2319 173 2383 que
199 2313 303 2390 eaque
326 2309 550 2370 recentissiura
582 2326 699 2369 manus
730 2311 762 2368 et
790 2308 823 2367 iu
846 2308 994 2387 margine
1026 2313 1058 2369 et
1087 2328 1187 2389 supra
1209 2329 1337 2372 versum

122 2409 148 2468 et
164 2409 192 2472 in
218 2413 296 2492 ipsis
326 2414 437 2474 verbis
466 2412 568 2474 eresIs
600 2407 844 2473 emendationes
873 2413 982 2490 posuit
1003 2418 1185 2476 atramento
1208 2432 1340 2494 prorsus

123 2508 239 2578 diverso.

205 2635 329 2720 Quodsi
366 2641 477 2699 autern
514 2637 564 2716 vir
600 2636 798 2698 clarissirnus
836 2635 1030 2716 Woetissin')
1081 2636 1213 2701 saeculo
1251 2642 1339 2727 XVI.

121 2747 302 2804 exeunte
340 2747 513 2804 exaratum
550 2758 626 2831 eum
649 2742 789 2824 putavit,
823 2741 905 2801 mibi
927 2739 1061 2821 quidem
1085 2760 1148 2804 non
1170 2749 1341 2824 persuasit.

120 2841 201 2926 Quod
229 2848 289 2908 etsi
319 2845 361 2908 ad
390 2846 596 2925 Polyaenum
628 2844 735 2906 sotum
758 2847 896 2927 spectat,
927 2831 1034 2907 obstat
1056 2851 1165 2910 tamen
1188 2849 1341 2933 primurn,

117 2949 193 3032 quod
212 2951 243 3012 in
265 2950 344 3013 totio
368 2950 397 3011 A
420 2949 557 3031 reliquis
580 2948 726 3027 praefixo
751 2965 850 3008 mauu
879 2949 1015 3010 fortasse
1038 2949 1127 3034 eim,
1165 2953 1221 3032 qui
1244 2953 1341 3016 hune

114 3052 245 3118 codicem
268 3054 438 3133 descripsit
460 3055 492 3114 in
515 3057 575 3115 cat.
599 3053 676 3115 bibl.
706 3069 772 3132 reg.
796 3052 913 3135 Paris,
946 3059 1120 3134 postquam
1143 3073 1226 3118 saec.
1250 3055 1341 3119 XVI.

109 3162 301 3222 ineunte.
337 3176 408 3222 esse
448 3162 620 3219 exaratum
658 3156 740 3218 dixit
775 3163 807 3217 et
842 3174 928 3237 quae
950 3174 989 3219 eo
1013 3158 1243 3237 continentur²)
1267 3181 1343 3225 anu

106 3263 257 3346 manavit,
284 3263 365 3324 baec
394 3265 467 3322 suut
500 3261 696 3341 subscrIpta:
731 3258 794 3322 Iste
825 3259 920 3322 coiea
943 3259 1052 3324 illatas
1067 3260 1139 3345 fnit
1161 3265 1195 3328 in
1224 3264 1343 3330 stotto-

102 3365 568 3450 thecamRepianan.1530.
614 3363 689 3447 Qua
716 3365 751 3426 in
780 3382 817 3426 re
846 3371 919 3426 curn
950 3367 1092 3446 potuerii
1121 3369 1338 3449 quieturam,

210 3781 230 3850 ¹]
266 3778 397 3847 Polyaeni
422 3782 532 3846 strateg.
557 3777 584 3830 ll.
603 3776 677 3830 VIII.
697 3793 747 3829 rec.
773 3775 802 3829 E.
827 3777 976 3830 Woelttlm.
1014 3778 1074 3846 Lps.
1112 3779 1247 3833 Teubner.
1267 3781 1342 3834 1860.

95 3869 188 3944 praef.
208 3883 231 3934 p.
251 3866 304 3917 XX
323 3867 345 3918 5.
968 3905 971 3911 .

207 3956 227 4023 ²)
262 3952 446 4006 Continentur
470 3958 563 4005 autem
587 3952 637 4004 illo
662 3953 756 4004 codice
779 3952 859 4003 hece:
885 3959 905 4004 1.
925 3956 1015 4006 Breuis
1034 3962 1174 4020 temporum
1192 3958 1292 4006 scotatio
1312 3959 1343 4007 ab

96 4047 161 4100 orbe
179 4045 282 4093 condito
301 4045 338 4094 aci
358 4042 525 4108 Theophilum
543 4044 728 4106 imperatorem.
772 4043 794 4090 2.
812 4042 939 4090 Demetrii
956 4042 1077 4091 Phalerei
1094 4044 1268 4107 apophthepm.
1293 4045 1350 4092 'I'II

95 4132 211 4198 sapient.
247 4130 270 4178 3.
291 4129 346 4178 oet.
364 4131 414 4179 tab.
449 4133 472 4178 4.
491 4129 596 4178 Aeh'ani
612 4129 702 4178 earr‘ae
719 4129 840 4178 historiae
859 4130 884 4177 ll.
902 4129 976 4178 XIV.
1012 4129 1034 4178 5.
1061 4126 1166 4178 Aeliani
1183 4131 1282 4179 tectica.
1319 4134 1346 4180 6.

99 4216 257 4272 Onusanctri
281 4219 425 4280 stratepr'ca.
463 4219 482 4265 7.
510 4217 637 4280 Potpaeni
657 4221 865 4278 stratepcmatnm
884 4217 909 4264 u.
933 4215 1009 4264 VIII.
1045 4216 1069 4265 8.
1096 4215 1210 4279 Xenoph.
1237 4219 1346 4281 respubl.

96 4303 199 4360 Laced.
241 4303 264 4350 9.
284 4303 446 4352 Bessarionis
464 4303 563 4351 cardin.
582 4301 689 4366 epistota
707 4302 744 4350 ad
760 4300 911 4352 Michaetem
929 4301 1096 4366 Apostotinm.
1139 4305 1178 4351 10.
1202 4299 1348 4352 Andronici

99 4388 209 4446 Callisti
223 4376 348 4439 monodia
365 4391 393 4438 in
413 4390 540 4454 infelicem
561 4388 816 4454 Constantinopolim.
834 4392 870 4466 11ς
891 4389 1039 4439 Sententiae
1057 4390 1184 4453 quaedam
1202 4405 1234 4438 en
1251 4389 1347 4453 Eurip

97 4489 123 4535 et
142 4478 216 4531 aliis.
