2820 4890
644 355 837 415 ..4-

117 533 317 607 auctoritate,
340 530 382 592 de
399 546 572 591 consensus
588 528 642 589 vel
658 527 866 590 dissensionis
882 527 987 589 causis
1004 527 1152 607 quaestio
1169 525 1278 588 adbuc
1290 542 1355 586 cm-

117 639 193 700 nino
215 652 279 696 non
301 637 349 695 est
371 633 529 709 instituta3
552 632 677 712 primus
700 632 739 693 H.
762 631 906 694 SAUPPE
927 632 960 692 in
983 649 1121 692 censura
1143 630 1185 691 de
1205 628 1357 691 Drosihni

118 741 259 804 editione
281 738 366 799 facta
387 740 511 798 rectam
536 737 625 796 viam
647 734 795 796 ostendit.
826 735 1016 796 Accuratius
1038 739 1149 796 autem
1173 732 1214 795 de
1240 734 1355 794 horum

118 844 266 908 codicum
297 845 329 903 et
353 841 539 901 versionum
564 838 752 902 condicione
775 839 858 900 infra
880 856 997 918 agam,
1031 843 1215 920 postquam,
1238 837 1297 917 qui
1320 836 1357 897 iis

117 950 180 1012 sint
201 947 261 1029 usi,
283 944 388 1008 docui.

220 1050 301 1114 Tres
332 1047 460 1111 codices
490 1048 690 1110 Parisienses
725 1048 787 1125 (nr.
810 1047 882 1110 858.
916 1045 1010 1108 1001.
1035 1045 1143 1123 1774.)
1183 1062 1251 1105 una
1284 1061 1356 1105 cum

118 1155 245 1218 duabus
278 1151 482 1215 versionibus
518 1152 594 1216 ,1Αο
618 1151 833 1216 Gnonovtos
861 1151 986 1231 primus
1017 1148 1166 1211 adhibuit
1188 1147 1230 1208 ad
1257 1146 1358 1209 verba

118 1254 370 1338 ernendanda¹)3
393 1272 532 1335 quorum
556 1254 705 1316 codicum
728 1257 870 1345 primum
894 1254 963 1333 ipse
984 1252 1057 1316 hene
1074 1258 1237 1334 vetustum,
1263 1257 1358 1313 cetus·

117 1364 271 1427 tissiraam
304 1358 434 1435 libram,
466 1358 770 1442 praestantissimam
803 1348 1016 1420 membranam
1048 1356 1207 1436 appellat,
1250 1375 1358 1417 secun·

118 1467 196 1530 dum
220 1465 309 1548 toape
330 1463 450 1526 minore
473 1469 570 1545 autu,
605 1463 737 1523 tertium
761 1458 1013 1539 cessaream).
1072 1459 1189 1522 Ecod.
1214 1461 1290 1522 Par.
1313 1479 1358 1540 gr.

119 1571 212 1633 1001.
235 1573 348 1630 autem
371 1565 497 1629 addidit
519 1565 624 1629 verba
646 1583 764 1646 graece
787 1563 827 1626 ad
852 1563 885 1626 id
909 1569 1037 1645 tempus
1060 1565 1239 1645 incognita,
1274 1583 1359 1647 quae

118 1674 204 1737 duae
225 1672 392 1735 versiones
416 1670 636 1733 exbibuerunt
659 1670 691 1730 in
714 1669 777 1730 fine
801 1668 892 1745 (inde
915 1688 935 1730 a
958 1687 983 1730 c.
1007 1668 1099 1730 XL2
1124 1666 1277 1749 ἀγνοοῦσι
1299 1669 1359 1752 γὰρ

118 1797 222 1859 usque
252 1775 295 1838 ad
324 1774 428 1837 verba
451 1770 567 1847 ἱκανῶς
591 1791 643 1854 μοι
666 1769 771 1845 δοκεῖς
795 1768 897 1853 λέγειν
921 1771 998 1855 ἔφην
1022 1773 1098 1834 XLI
1119 1774 1164 1840 41.
1220 1771 1358 1838 Codices

117 1899 180 1944 non
204 1899 262 1957 ea,
286 1896 352 1960 qua
375 1896 434 1958 par
458 1882 537 1960 erat,
561 1875 731 1957 diligentia
754 1894 824 1937 esse
848 1876 982 1938 collatos
1005 1893 1068 1938 non
1092 1879 1155 1952 est,
1179 1877 1269 1957 quod
1295 1898 1360 1942 mo·

119 2003 231 2067 neam3
268 1986 356 2044 recte
378 1986 489 2042 autem
512 1979 659 2042 codicem
681 1979 774 2061 858..
808 1996 873 2060 quo
896 1980 984 2059 prior
1007 1983 1132 2042 tantum
1158 1981 1262 2044 tibstti
1287 2000 1362 2063 pars
1401 1994 1403 2045 ε

118 2087 303 2170 (usquead
327 2105 353 2148 c.
375 2084 491 2146 XXIII
514 2085 533 2146 2
558 2081 664 2163 ὥσπερ
688 2079 857 2163 πρότερον)
882 2083 1070 2160 continetur,
1093 2084 1229 2166 reliquis
1254 2104 1364 2167 praes·

118 2196 190 2254 tare
212 2190 381 2266 intellexit,
405 2188 622 2270 quamobrem
646 2187 843 2268 plerumque
866 2204 943 2248 eum
962 2192 1092 2249 secutus
1106 2179 1161 2264 est,
1185 2191 1245 2251 etsi
1258 2190 1364 2253 muita

119 2315 138 2359 e
159 2295 294 2375 vulgata
316 2294 449 2357 retinuit
465 2295 487 2370 ).

121 2501 534 2514 -m

112 2715 210 2779 ferhyt.
230 2713 347 2762 Radalst.
374 2713 441 2760 1721.
466 2737 498 2747 -—
522 2709 572 2774 Ep.
596 2710 666 2758 ench.
690 2725 745 2758 aaa
769 2725 826 2760 cam
853 2710 907 2759 Oet.
935 2710 1008 2761 Theb.
1033 2713 1082 2761 tab.
1107 2713 1165 2762 Rec.
1193 2714 1252 2763 Joa.
1284 2716 1361 2782 Casp.

117 2800 284 2850 Schrb'deras.
312 2797 426 2861 Delphis.
451 2795 536 2860 Apud.
562 2793 624 2845 Aur.
649 2796 757 2845 Reman.
782 2797 850 2845 1723.
869 2826 901 2833 -
919 2796 969 2861 Ep.
994 2800 1071 2864 ench.³
1100 2800 1154 2848 Cet.
1174 2801 1231 2862 tab,
1255 2801 1365 2853 Prodici

119 2886 251 2947 Hercules,
270 2891 294 2933 et
315 2883 484 2947 Theophrasti
500 2883 611 2931 charact.
630 2883 710 2931 ethici.
741 2882 792 2931 Per
809 2883 861 2932 Jos.
883 2884 1009 2948 Simpeon.
1028 2885 1078 2935 Ed.
1102 2886 1129 2934 V.
1154 2886 1255 2936 Ost-onii.
1286 2891 1364 2939 1804.

219 2967 264 3018 Ex
281 2968 368 3018 latina
386 2965 563 3017 Elichmanni
581 2967 809 3034 interpretatione
826 2981 924 3035 graece
942 2983 958 3018 a
976 2984 1003 3021 se
1023 2983 1101 3020 versa
1120 2969 1228 3021 addidit
1247 2973 1360 3039 primus

119 3055 190 3122 Aug.
209 3054 328 3106 Bischoti
346 3053 476 3122 editioni,
502 3068 573 3120 quae
596 3068 618 3104 a.
640 3052 708 3105 1710
732 3052 817 3105 Jenae
842 3054 953 3121 prodiit.
989 3053 1090 3108 Graeco
1110 3057 1227 3124 repetita
1244 3064 1313 3111 sunt
1332 3061 1362 3112 in

119 3142 169 3210 his,
187 3157 255 3209 quas
273 3141 403 3209 equidem
421 3142 496 3210 novi,
517 3140 702 3193 edItionibus:
931 3136 936 3148 ’

224 3231 279 3280 ces.
310 3231 433 3281 Gemtttde
456 3248 482 3280 a.
505 3230 591 3295 Epdct.
616 3231 729 3292 Haurit,
755 3232 810 3294 hyp.
835 3248 856 3280 o.
880 3231 905 3280 J.
931 3233 967 3281 Π.
992 3233 1088 3281 Jacohi.
1114 3235 1136 3282 2.
1164 3233 1195 3282 A.
1222 3235 1364 3301 Hembarq

118 3319 188 3366 1780.
208 3347 241 3356 -
263 3318 318 3367 Ccd.
343 3319 366 3367 d.
389 3317 462 3366 Theb.
484 3316 614 3380 Gentdldq
639 3319 694 3380 hyp.
713 3334 734 3366 a
753 3316 789 3365 M.
807 3317 842 3366 ΙΙ.
866 3316 972 3367 Thicme.
997 3319 1238 3369 1101701786.-
1259 3321 1317 3371 ch.
1338 3324 1362 3372 cl.

121 3403 194 3452 Theb.
225 3402 302 3468 Gom„
330 3421 348 3454 s.
379 3406 394 3452 t.
423 3405 493 3453 1789.
524 3432 556 3440 -
589 3403 644 3453 Ceh.
674 3405 697 3452 d.
731 3403 804 3452 Theb.
838 3403 915 3468 Gerra,
947 3406 1029 3454 seara
1056 3422 1078 3455 v.
1104 3407 1129 3455 J.
1157 3407 1190 3455 D.
1220 3408 1363 3474 Bttchlinp.

118 3489 236 3540 Mec'ssca.
255 3493 325 3541 1796.
344 3519 376 3526 ——

222 3575 253 3626 cf.
272 3572 352 3627 Dros.
376 3574 461 3641 praef.
484 3589 509 3641 p.
534 3572 574 3624 IV
599 3587 638 3640 sq.
674 3572 828 3641 Schweigh.
848 3572 922 3626 1798.
952 3576 1036 3642 praet.
1054 3592 1078 3643 p.
1097 3575 1252 3629 XXXVIII.
1270 3577 1362 3632 XLIX

117 3676 176 3727 sqq.
195 3658 295 3712 CXXV
314 3673 354 3727 sq.
372 3658 482 3711 CXLIV
501 3675 560 3727 sqq.
578 3658 677 3711 CLVII
695 3675 733 3726 sq.
750 3690 786 3699 -—
803 3658 831 3712 C.
853 3659 883 3714 G.
901 3661 1032 3713 Wenrich
1051 3663 1248 3717 desuetorum
1275 3665 1362 3720 Grae·

117 3763 213 3799 corum
238 3748 412 3800 versionibus
436 3751 463 3799 et
481 3749 688 3799 commentariis
707 3747 827 3814 Syriacis
847 3748 1003 3800 Armenicis
1022 3748 1192 3818 Persicisque
1219 3767 1361 3807 commen·
1385 3725 1391 3743 ι

117 3836 193 3887 tatio.
222 3833 335 3902 Lipsiae.
355 3833 429 3885 1842.
448 3832 613 3904 [Comment.
632 3850 648 3885 a
668 3851 722 3903 reg.
741 3837 832 3887 scient.
851 3837 924 3887 acad.
953 3835 1075 3903 Gotting.
1094 3839 1218 3904 praemio
1238 3843 1359 3911 ornata)

117 3937 141 3988 p.
159 3921 192 3971 85
210 3937 269 3988 sqq.
288 3921 339 3972 114
356 3936 415 3989 sqq.

221 4009 242 4076 ¹]
277 4011 394 4076 Κέβητος
413 4011 527 4076 Θηβαίου
545 4013 630 4073 πίναξ.
666 4008 775 4062 Cebetis
793 4009 919 4062 Thebani
944 4010 1047 4080 tabula,
1073 4010 1174 4063 Graece
1199 4015 1226 4063 et
1255 4012 1361 4084 Latine,

115 4091 211 4144 Multis
232 4095 261 4145 in
272 4093 340 4146 locis
353 4095 480 4145 restituta
497 4111 533 4146 ex
545 4094 619 4147 MSS.
638 4095 787 4165 codicibus,
806 4097 880 4147 unde
897 4098 982 4148 etiam
995 4096 1098 4151 Graeca
1115 4100 1145 4150 in
1163 4099 1215 4150 fine
1234 4105 1360 4168 reposita

116 4178 150 4229 ab
168 4179 273 4232 Iacobo
292 4178 443 4248 Gronovi0,
467 4178 554 4249 Cujus
578 4181 711 4233 accedunt
729 4181 817 4234 Notae
836 4186 862 4234 et
881 4181 1102 4236 Emendationes.
1129 4184 1360 4240 Amstelacdami.

115 4265 202 4333 Apud
220 4266 301 4318 chr.
320 4267 513 4319 Wetstenium.
533 4267 607 4320 1689.
626 4267 735 4339 [Gron]

219 4369 242 4438 ²]
278 4368 364 4422 Praei.
382 4386 407 4438 p.
425 4372 457 4402 ss
474 4371 498 4423 3.
518 4375 573 4424 not.
609 4388 634 4440 p.
652 4372 693 4424 94.
713 4373 770 4426 133.
789 4373 845 4426 146.
866 4374 923 4428 172.

217 4474 241 4544 ⁸)
278 4473 433 4544 Schweigh.
452 4476 526 4529 1798.
545 4478 628 4545 praef.
647 4494 671 4545 p.
690 4477 766 4530 CVII
784 4491 844 4547 sqq.
862 4477 1001 4533 CXLVIII
1019 4495 1079 4548 sqq.
