2864 4876
589 349 931 412 „20..,

89 526 121 589 ΙΙ
143 528 163 588 3
187 525 242 587 άτε
265 522 304 606 δὴ
329 522 384 586 καί
407 504 608 607 περίταότης
624 529 679 604 τῆς

733 518 789 582 καί
817 517 888 602 περὶ
911 517 1026 602 ταότης
1050 517 1085 580 δὲ
1106 526 1162 601 τῆς
1196 514 1335 588 VLBR

776 618 959 692 DWPCK

735 729 827 794 αιεοὴ

663 843 666 845 ε
756 796 812 859 καί
834 794 906 879 περί
928 794 1044 882 ταύτης
1071 796 1107 860 δὲ
1131 806 1188 882 τῆς
1215 796 1251 862 0³

91 905 138 970 IV
161 907 180 967 2
204 905 296 980 οὗτος
319 902 336 965 ό
359 902 456 979 τόπος

93 1012 121 1075 V
146 1013 162 1074 1
186 1010 270 1072 κατὰ
293 1009 347 1071 τόν
369 1006 468 1071 τόπον

92 1110 123 1174 V
146 1117 164 1176 1
189 1112 244 1175 καί
266 1110 299 1175 ἐν
322 1119 360 1195 τη
384 1110 466 1196 χειρί
488 1108 556 1195 ἔχει
649 1102 651 1106 ⁴

93 1219 139 1281 VI
162 1221 179 1281 1
204 1214 336 1299 πλῆθος

93 1319 140 1382 VI
162 1323 182 1383 3
206 1318 415 1403 περιάγοντας
446 1319 520 1381 όποι
540 1319 577 1382 άν
593 1315 686 1402 τύχοι

737 900 754 963 ό
776 900 874 976 τόπος
899 901 990 976 οὗτος

737 1005 820 1068 κατὰ
842 1005 896 1068 τόν
919 1002 1017 1067 τόπον
1039 1011 1152 1069 τοῦτον

737 1107 793 1171 καί
815 1106 848 1171 ἐν
870 1115 908 1190 τη
933 1107 1014 1191 χειρί
1037 1107 1159 1193 ἔχουσα

738 1210 865 1296 πλῆθος
889 1209 918 1273 τί

739 1314 948 1401 περιάγοντας
972 1315 1045 1377 όποι
1069 1317 1106 1380 άν
1136 1319 1228 1385 αῗόται
1253 1321 1339 1388 δεικ-

781 1419 896 1484 νιίιοσιν
920 1415 967 1485 W

668 1580 669 1583 ,
740 1522 949 1608 περιάγοντας
980 1546 1023 1599 οπ
1053 1547 1092 1591 αν
1127 1530 1219 1594 αὗται
1254 1526 1341 1597 δείκ-

783 1628 897 1695 νόωσιν
926 1626 984 1713 V')

741 1732 950 1818 περιάγοντας
985 1736 1048 1822 όπη
1072 1741 1110 1802 ἂν
1133 1740 1236 1804 αὗται
1255 1739 1343 1805 δεικ-

776 1835 898 1903 ,νόιοοιν
921 1837 1082 1914 LRDPC
1145 1924 1147 1930 ρ

690 1948 691 1951 ’
742 1944 951 2028 περιάγοντας
986 1950 1049 2035 όπη
1073 1952 1111 2015 ἂν
1133 1952 1226 2014 αὗται
1257 1948 1344 2013 δεικ-

97 2437 160 2498 VII
182 2437 202 2497 3
226 2433 277 2496 ἐπί
299 2430 392 2496 λίθου
417 2432 615 2519 στρογγύλου

97 2538 162 2602 VII
184 2542 204 2602 3
229 2535 371 2623 σημαίνει
394 2537 455 2599 οὐκ

98 2644 161 2708 VII
183 2645 203 2705 3
226 2641 358 2728 πιστεόη
494 2683 497 2695 ·

100 2746 178 2811 VIII
200 2748 222 2808 4
244 2745 408 2831 ἐκποιήσει
431 2743 637 2829 διαλέγεσθαι

99 2851 150 2913 ΙΧ
173 2852 190 2912 1
217 2849 365 2935 ἀνωτέρω

99 2955 149 3017 ΙΧ
171 2957 189 3016 1
215 2952 257 3029 ὡς
280 2956 318 3017 ἂν
341 2953 397 3016 καί
418 2961 572 3039 γυναῖκας

99 3057 149 3119 IX
171 3060 191 3120 3
215 3059 276 3120 οὐκ
299 3057 344 3121 ἔτι

100 3162 133 3223 Χ
156 3163 175 3224 3
200 3161 216 3223 ό
242 3160 276 3223 δὲ
299 3160 398 3237 ἄλλος

100 3267 134 3328 Χ
156 3268 176 3328 3
199 3264 265 3350 μετ’
288 3267 386 3328 αὐτοῦ
408 3285 453 3340 τις

101 3576 134 3638 Χ
155 3578 178 3638 4
200 3574 266 3638 είτα
290 3574 430 3640 ἐνταῦθα
452 3572 547 3638 πάλιν

101 3905 135 3967 Χ
157 3902 177 3965 4
200 3903 242 3979 εἰς
265 3904 319 3967 τόν
343 3902 449 3986 ἕτερον

101 4009 151 4072 ΧΙ
174 4010 193 4070 2
218 4006 317 4071 ἐντῶ
341 4004 397 4092 βίω

102 4111 168 4172 XII
190 4112 209 4173 3
234 4111 295 4173 οὐκ
316 4109 355 4192 ἠν
433 4165 452 4170 ,,

102 4213 182 4278 XIV
206 4216 224 4276 2
249 4212 434 4297 &bfiatkcprp

104 4352 309 4363 ———-

785 2053 912 2119 νόουσιν
935 2050 965 2118 Β

743 2174 952 2312 περιάγοντάς
983 2229 1046 2313 όπη
1079 2230 1116 2292 ἂν
1140 2228 1233 2292 αὗται
1257 2225 1345 2291 δεικ-

786 2330 913 2395 νύουσιν
935 2329 972 2400 Κ

744 2435 795 2538 ἐπί
818 2434 1017 2521 στρογγύλου
1041 2434 1135 2499 λίθου
1192 2457 1196 2462 ·

745 2539 887 2626 σημαίνει
911 2541 957 2603 ότι
981 2541 1042 2602 οὐκ

745 2644 896 2730 πισττὺση
1034 2731 1037 2740 ,

746 2746 960 2832 διαλεξόμεθα

635 2925 636 2928 ¹
746 2851 903 2936 ἀνώτερον

746 2955 801 3019 καί
822 2961 977 3040 γυναῖκας

747 3061 808 3123 οὐκ
831 3061 895 3124 ἔστι

748 3167 765 3230 ό
789 3164 817 3228 δ’
839 3162 938 3240 ἄλλος

619 3346 621 3350 ³
748 3271 826 3353 μετὰ
848 3276 947 3333 ταῦτα
969 3263 1013 3341 τίς
1036 3259 1270 3334 VLRDPCK

749 3375 826 3457 μετὰ
848 3379 960 3436 τοῦτον
983 3369 1027 3447 τίς
1050 3368 1081 3438 Β

747 3478 832 3540 κατὰ
853 3483 952 3540 ταῦτα
974 3475 1019 3553 τίς
1042 3472 1089 3542 W

748 3582 815 3645 εἶτα
838 3578 932 3645 πάλιν
956 3579 1096 3646 ἐνταῦθα
1119 3575 1318 3649 VLBRPC

749 3687 816 3752 είτα
838 3684 933 3749 πάλιν
957 3682 1103 3750 ἐντεῦθεν
1127 3681 1164 3751 Κ

750 3793 816 3856 εἶτα
839 3789 934 3854 πάλιν
957 3785 1039 3856 DW

750 3895 792 3973 εἰς
817 3895 923 3978 ἕτερον

750 3999 783 4064 ἐν
805 3998 899 4063 παντί
921 4003 965 4062 τῶ
989 3995 1046 4084 βίω

750 4105 811 4167 οὐκ
835 4103 917 4167 ἔστιν

750 4206 839 4286 δόξαι
862 4206 913 4272 ναί
935 4205 1015 4291 ἔφη

209 4489 230 4559 ¹]
250 4486 394 4541 Vocabula
411 4505 446 4541 οπ
466 4505 498 4540 αν
517 4489 631 4554 propter
649 4483 772 4537 chartam
790 4483 892 4537 laesam
911 4482 1012 4536 mutila
1029 4487 1101 4537 sunt.
