2864 4876
607 335 728 398 ...72
771 367 809 378 ..

91 507 204 590 Quare
226 508 387 590 continua,
410 506 518 590 quoad
535 509 604 570 elus
627 508 698 569 fieri
720 509 834 591 potest,
857 507 1034 570 verborum
1057 507 1233 570 latinorum
1254 523 1335 568 enm

91 613 218 692 graecis
241 613 494 692 comparatione,
518 630 605 693 quae
627 606 790 678 codicisO
814 611 911 674 lue-rit
933 610 1067 688 indoles,
1090 609 1334 693 exquirendum

92 720 148 778 est.
194 715 243 779 Ac
265 715 368 778 tribus
392 721 479 778 certe
508 711 595 778 locis¹
613 715 655 778 ab
678 718 838 793 omnibus,
869 732 951 797 quos
974 717 1134 798 novimus,
1165 714 1337 778 codicibus

91 821 212 881 mirum
246 825 405 901 quantum
436 818 542 881 distat.
596 818 633 880 In
665 838 691 880 c.
721 820 800 884 XIV
831 821 850 883 2
885 808 971 882 enim
1005 805 1135 882 videtur
1169 820 1338 882 exstitisse

73 923 211 987 -laeune
233 941 254 985 a
275 922 445 985 vocabulis
468 923 506 1005 νὴ
523 919 581 983 Δία
599 921 654 984 καὶ
671 920 734 984 ωδε
756 941 862 1005 usque
885 922 927 985 ad
950 924 1114 986 vocabula
1135 924 1173 1006 νὴ
1197 919 1255 983 Δία
1279 920 1339 983 καὶ

94 1024 160 1109 μετ’
182 1026 279 1110 αὐτῆς
301 1046 348 1110 γε,
377 1028 438 1088 nisi
466 1029 573 1108 potius
603 1045 731 1091 errasse
755 1026 923 1092 Odaxium
945 1027 1000 1090 vel
1021 1027 1207 1109 typothetas
1231 1031 1339 1107 putes,

90 1131 129 1193 In
152 1131 299 1194 eiusdem
330 1136 439 1194 autem
468 1132 584 1211 capitis
612 1132 677 1195 fine
703 1136 761 1195 aut
789 1133 821 1193 in
851 1130 964 1195 codice
990 1131 1057 1194 alia
1078 1131 1211 1213 invenit,
1233 1135 1340 1212 atque
1366 1202 1370 1208 ¹

90 1236 124 1296 in
147 1235 263 1297 nostris
285 1236 448 1317 leguntun⁷
475 1241 531 1297 ant
560 1236 631 1315 ipse
660 1237 785 1298 erravit
805 1233 970 1312 Odexius3
1003 1234 1103 1297 habet
1125 1234 1212 1295 enim
1236 1234 1338 1296 haec:

91 1345 158 1400 laia
188 1337 312 1401 damam
341 1340 387 1402 ita
413 1339 494 1402 salai
530 1346 558 1404 ct
587 1339 757 1409 incolumes
788 1346 891 1408 cruat.
951 1338 1057 1422 Ncqac
1090 1337 1154 1401 allo
1192 1357 1338 1421 aaqaam

84 1439 195 1524 salsae
231 1441 419 1525 disciplinae
457 1445 633 1507 commertio
672 1434 863 1527 'labefactari
903 1450 1052 1526 poterant
1089 1463 1197 1526 acqac¹
1221 1441 1339 1505 aarum

92 1544 268 1608 stadiorum
284 1547 391 1629 aratia
414 1547 492 1609 iaali
515 1548 678 1630 quippiam
701 1547 926 1630 adipiscentia.
970 1548 1007 1609 In
1031 1547 1197 1610 codicibus
1221 1551 1338 1617 autem

93 1649 176 1711 haec
198 1654 344 1712 exstant:

261 1817 528 1891 AVLBRPGK
633 1805 638 1816 ⁸
970 1821 1113 1906 DWEF

93 1923 165 1988 τότε
188 1927 225 1989 ἂν
250 1927 336 2006 [τότε
358 1930 420 2012 γὰρ
444 1931 481 1994 ἂν
499 1928 581 2008 BR)
605 1930 688 1992 οὕτω
740 1930 812 1994 τότε
840 1933 903 2016 γὰρ
935 1933 972 1994 ἂν
1006 1932 1105 2006 οὔτως
1133 1927 1342 2012 σωθήσονται

138 2030 254 2108 (οὕτως
304 2029 421 2113 ABR)
458 2032 689 2117 ,σωθήσονται
785 2034 860 2099 οὐδὲ
902 2034 1042 2118 ἐλλείψει
1080 2035 1195 2108 αὐτοὺς
1231 2033 1339 2095 κακὸν

137 2134 200 2198 ote
229 2135 264 2199 δὲ
296 2136 376 2216 (ὧδε
403 2137 458 2200 καὶ
482 2133 560 2219 PC)
582 2135 689 2222 μένον·
785 2139 877 2204 οὐδὲν
901 2141 997 2204 ἕνεκα
1020 2138 1139 2202 τούτων
1157 2143 1219 2200 τῶν
1234 2136 1340 2221 μαθη-

139 2267 189 2323 τες
212 2249 300 2330 παρὰ
322 2256 359 2331 τῆ
384 2245 613 2329 ψευδοπαιδεία
637 2247 689 2309 οὐ·
787 2243 892 2328 μάτων
975 2313 979 2329 ,

138 2348 254 2414 δὲποτε
306 2349 587 2435 ἀπολυθήσονται·
615 2349 690 2413 οὐδὲ

138 2451 278 2536 ἐλλείψει
309 2455 425 2531 αὐτοὺς
462 2454 566 2518 κακὸν
598 2452 689 2517 οὐδὲν

138 2557 233 2620 ἕνεκα
262 2556 382 2622 τούτων
405 2565 467 2621 τῶν
492 2556 689 2642 μαθημάτων

96 2749 242 2830 Apparet
289 2752 389 2832 igitur
434 2770 493 2833 pro
539 2752 701 2814 vocabulo
746 2748 809 2812 ὧδε
849 2754 906 2812 aut
946 2750 1102 2830 scriptum
1144 2748 1245 2820 fuisse
1283 2751 1341 2810 aut

95 2851 263 2924 Odaxium
311 2873 422 2918 errore
467 2859 598 2937 captum
643 2855 762 2936 legisse
809 2851 900 2929 οὐδὲ,
956 2854 1157 2916 vocabulum
1199 2847 1341 2932 ἐλλείψει

94 2961 204 3020 autem
234 2961 291 3032 aut
318 2960 418 3030 fuisse
452 2964 640 3040 corruptum
675 2955 839 3042 [ἐλλήψει]
862 2962 919 3021 aut
952 2955 1135 3020 contudisse
1169 2953 1339 3019 Odaxium

94 3079 170 3122 cum
194 3062 302 3126 futuro
326 3063 417 3126 verbi
443 3059 623 3146 λαμβάνειν.
669 3062 708 3125 In
728 3081 753 3126 c.
779 3062 911 3126 XXXV
934 3061 953 3124 3
978 3065 1087 3122 autem
1112 3059 1200 3122 solus
1223 3058 1341 3138 implet

94 3164 267 3249 lacunam,
315 3185 416 3248 quam
446 3161 570 3230 'omnes
606 3169 766 3249 praebent
794 3166 922 3229 codices
950 3156 1340 3242 (VBRDWPCKEF),

95 3269 125 3328 in
150 3270 261 3332 verbis
287 3270 333 3332 ὅτι
357 3268 386 3332 οἱ
409 3269 441 3332 ἐν
464 3270 530 3349 (ὅτι
553 3269 585 3334 ἐν
613 3267 694 3345 CK]
717 3277 761 3334 τῶ
785 3267 900 3352 πρώτω
928 3265 1083 3350 (δευτέρω
1104 3263 1155 3345 Κ)
1179 3263 1339 3352 περιβόλω

96 3370 122 3433 εἰ
139 3370 235 3457 μηδὲν
253 3371 334 3436 ἄλλο
352 3374 370 3436 ὃ
387 3373 636 3458 προσποιοῦνταί
655 3395 693 3459 γε
717 3378 981 3458 (προσποιοῦνται
995 3367 1125 3443 DWEt
1148 3367 1340 3434 ἐπίστασθαι

96 3476 156 3538 οὐκ
197 3475 316 3541 οἴδασιν
356 3480 416 3542 hoc
451 3479 568 3544 modo:
614 3480 771 3561 Quoniam
809 3480 844 3542 ia
878 3479 982 3560 priaao
1019 3477 1137 3540 alabita
1174 3475 1231 3539 loc
1265 3475 1340 3558 plus

94 3580 215 3662 tabeat,
245 3582 326 3666 qaod
348 3603 427 3666 qaae
449 3585 597 3666 casciani,
631 3586 750 3648 acaciae
774 3603 890 3647 saaca
914 3580 1124 3660 dissimulant,
1147 3580 1182 3643 ia
1204 3577 1340 3642 secunda

95 3705 167 3749 acro
201 3686 283 3751 illaci
317 3694 397 3754 certe
432 3689 583 3767 aeaciaat,
618 3687 701 3772 qaod
734 3688 815 3753 scire
847 3707 878 3749 oa
908 3685 1106 3769 profiteatur.
1155 3680 1341 3764 Integriore

96 3789 196 3870 igitur
219 3790 350 3854 videtur
377 3811 455 3854 usus
487 3786 558 3855 esse
581 3793 702 3876 codice,
731 3792 924 3873 praesertim
954 3810 1028 3853 cum
1051 3791 1084 3852 in
1106 3784 1143 3856 K
1166 3787 1342 3867 manifesta

95 4002 508 4013 ——-—-—-—-——-———

96 4206 157 4255 bciia
176 4208 281 4258 tabula:
300 4224 353 4272 aaa
371 4209 437 4258 aaa
455 4209 611 4259 abeolaiiaa:
631 4226 682 4274 aaa
701 4211 832 4259 haiaaaaa
850 4209 917 4258 oilae
935 4208 1053 4272 dectspala
1068 4208 1191 4272 qrapliica
1208 4214 1233 4256 ct
1250 4209 1342 4257 coade-

96 4308 154 4344 cora
179 4295 369 4358 depiaqaatar:
394 4311 472 4359 qaam
496 4296 625 4345 latinitate
652 4297 759 4347 donavit
784 4297 930 4346 luculentae
948 4295 1072 4359 interpres
1089 4295 1200 4359 mihique
1218 4294 1341 4344 amicu'aei-

96 4382 168 4433 aa'ta:
194 4383 225 4432 da
249 4398 299 4446 qao
328 4377 397 4432 ilica
420 4382 472 4433 dici
494 4382 652 4433 meritissimo
672 4390 774 4448 potest„
793 4383 935 4448 Cecropiae
959 4397 1090 4436 commane
1112 4383 1188 4433 decas
1212 4381 1342 4446 latiaeque

95 4483 226 4529 minervae
244 4503 251 4520 .
268 4504 274 4516 ·
292 4502 323 4520 ·.
