2864 4876
568 1148 768 1275 curru
803 1150 863 1274 r.

466 1376 787 1452 ostensionibus
811 1378 978 1450 [arins.

200 1607 336 1669 Praeter
349 1604 471 1670 Odaxii
483 1608 668 1671 versionem
679 1607 825 1689 latinam,
841 1624 941 1688 quam
956 1624 1057 1687 supra
1072 1607 1339 1683 commemoravi,

94 1711 179 1773 duas
210 1711 310 1772 etiam
341 1699 555 1791 deprehendi¹
572 1710 738 1789 codicibus
767 1729 842 1796 mss.
869 1711 962 1775 nobis
986 1715 1143 1774 servatas.
1188 1709 1336 1792 Quarum

94 1816 283 1877 versionum
313 1813 418 1877 altera
448 1818 556 1877 exstat
588 1815 622 1876 in
652 1799 764 1877 codice
794 1813 1015 1876 bibliothecae
1045 1801 1276 1878 Norloleianae
1305 1815 1339 1878 in

94 1918 233 1998 collegio
258 1917 490 1980 Greshamensi
524 1916 611 1999 apud
635 1917 818 1980 Londinum
849 1915 955 1999 sito¹)3
989 1916 1031 1980 de
1058 1936 1125 2000 qua
1158 1937 1233 1980 cum
1255 1919 1338 1981 nihil

93 2023 214 2085 certius
246 2022 465 2102 cognoverim,
488 2022 639 2084 retulisse
663 2040 738 2085 eam
760 2022 839 2084 satis
862 2020 978 2085 habeo.
1022 2021 1138 2084 Altera
1157 2023 1338 2085 continetur

93 2125 207 2188 codice
230 2126 417 2188 Monacensi
439 2126 494 2189 lat.
527 2125 600 2188 924.
624 2125 733 2209 chart,
767 2125 825 2206 qui
852 2143 880 2188 a.
904 2123 988 2187 1494
1012 2126 1150 2206 scriptus
1173 2144 1245 2189 esse
1268 2145 1338 2207 per·

95 2227 304 2310 hibetur²)‚f.
327 2230 428 2292 129-
435 2229 505 2294 143.
550 2230 748 2311 Priusquam
766 2233 823 2291 444
825 2247 879 2290 em
895 2226 936 2292 de
952 2231 1013 2292 hac
1029 2230 1213 2295 accuratius
1230 2248 1337 2310 agam,

94 2351 161 2415 quo
185 2333 297 2396 codice
320 2333 471 2396 videatur
493 2352 571 2396 usus
595 2330 848 2410 essebonum,
873 2349 1044 2414 exponam

199 2434 366 2519 Exiguum
390 2455 469 2500 sane
491 2435 620 2515 codicis,
643 2454 743 2519 quem
765 2432 886 2504 44440
904 2436 1046 2519 distinxi,
1068 2437 1244 2517 vestigium
1266 2438 1338 2519 ipsa

93 2542 191 2604 huius
207 2543 366 2606 versionis
382 2541 481 2604 editio
497 2537 677 2622 princepsl)
701 2542 851 2624 exhibel3
875 2542 1016 2624 legimus
1039 2543 1126 2606 enim
1148 2542 1182 2603 in
1204 2541 1224 2602 4.
1248 2540 1281 2603 dl
1304 2541 1338 2604 in

93 2646 242 2727 margine
274 2648 369 2709 haec:
400 2644 543 2709 Graecus
572 2644 668 2709 codem
690 2645 779 2708 44444
802 2644 913 2728 damon
938 2664 1050 2728 μικρον
1074 2643 1155 2729 quod
1178 2643 1338 2728 sipm‘ficm

91 2750 265 2814 lenocinium.
295 2751 322 2812 si
352 2769 423 2813 nero
448 2768 559 2833 μικρον
582 2746 697 2832 baptor
720 2751 813 2814 recte'
833 2757 884 2814 eat.
909 2749 1057 2815 bestiola:
1084 2749 1180 2814 lector
1198 2749 1338 2831 pensito.

91 2856 130 2919 Iu
153 2857 246 2917 textu
269 2857 397 2916 exstant
421 2853 582 2917 vocabula
605 2853 700 2917 444444
717 2852 895 2938 4444444443
926 2857 1087 2936 pertinent
1110 2856 1224 2916 autem
1246 2853 1288 2916 ad
1312 2872 1337 2917 c.

91 3010 177 3088 XI,
202 3010 260 3073 ubi
281 3007 392 3092 θύριον
418 3005 593 3091 (44044444
618 3009 738 3072 habent
756 3004 897 3092 ALBP,
918 3007 1032 3094 θηρίον
1050 3005 1201 3090 VRDK,
1223 2954 1337 3094 hippion

92 3109 181 3183 GW.
212 3113 276 3176 Sed
290 3114 350 3207 hoc
361 3114 433 3196 loeo
444 3114 533 3177 solo
525 3114 668 3176 innisum
679 3132 743 3178 444
755 3114 831 3178 licet
843 3113 884 3178 de
900 3114 1087 3180 codicist
1036 3119 1087 3177 rat
1089 3115 1162 3178 4444
1179 3112 1335 3176 iudicare.

91 3217 252 3300 Neque
244 3237 278 3280 ra
316 3218 454 3298 epistola
490 3216 556 3279 ad
569 3217 839 3281 Bartholomeum
876 3219 1092 3282 Blanehinum
1127 3237 1147 3280 4
1167 3217 1335 3299 Philippo

92 3320 255 3387 Beroaldo
283 3320 417 3384 editioni
447 3321 629 3401 praemissa
658 3322 754 3402 plura
783 3303 824 3386 de
848 3320 971 3386 Odaxii
993 3321 1139 3386 codieet
1126 3320 1258 3384 ttradun
1246 3320 1337 3401 t.ur⁴)

200 3690 220 3758 ¹]
240 3687 296 3741 044.
308 3688 371 3740 libr.
384 3703 446 3740 mss.
459 3689 579 3757 Angliae
591 3694 618 3742 et
629 3689 786 3743 Hiberniae.
799 3691 931 3744 Oxoniae.
944 3689 1020 3742 1697.
1033 3688 1066 3740 ΙΙ.
1080 3687 1153 3741 Libr.
1166 3702 1228 3740 mss.
1241 3688 1333 3741 eccles.

91 3781 135 3828 cot
125 3775 240 3828 t.hedral
253 3792 275 3844 p
284 3775 325 3828 81.
335 3791 374 3827 nr.
384 3775 465 3827 3204:
487 3779 581 3830 Oebalis
594 3779 708 3830 Thebani
720 3779 821 3831 Tabula
827 3797 876 3845 per
888 3780 1038 3844 Philippum
1051 3777 1196 3828 Albarr'cum
1206 3779 1336 3842 traducta,

94 3867 258 3916 Carminibus
271 3866 348 3915 simut
367 3872 390 3914 44
402 3865 514 3915 Pictoris
522 3867 702 3930 pulcherrimis
717 3874 836 3918 44444444
855 3869 891 3918 ad
902 3866 1044 3916 Hominum
1064 3864 1123 3914 VII.
1142 3861 1337 3934 [1485-1509]

91 3951 204 4016 Anpiine
222 3952 315 4015 Repem
334 3953 460 4002 dedicata.

200 4034 301 4105 ]²Oat.
283 4034 404 4088 tcodd.
427 4034 473 4087 lat.
497 4034 563 4088 bibl.
588 4053 643 4106 reg.
667 4037 771 4089 Monac.
794 4036 814 4088 I.
838 4052 864 4105 p.
887 4035 907 4089 Ι.
931 4053 957 4106 p.
975 4035 1086 4088 159.
1109 4035 1191 4089 Hunc
1215 4037 1338 4090 codicem

91 4124 153 4190 ipse
172 4127 235 4173 com
225 4121 277 4173 tuli
295 4122 348 4174 hoc
367 4139 440 4174 4444
459 4122 631 4192 Virceburgi.

196 4209 222 4278 ³]
241 4207 313 4260 Usus
331 4225 393 4261 sum
411 4211 567 4278 exemplari
590 4213 620 4263 in
637 4212 704 4264 bibl.
722 4213 798 4264 univ.
817 4210 888 4280 Lips.
907 4216 1016 4265 servato
1034 4227 1057 4264 4.
1076 4209 1145 4263 1877
1165 4210 1338 4280 virceburgi.

196 4295 220 4363 ⁴)
239 4335 245 4348 .
264 4333 271 4348 .
289 4335 295 4348 .
317 4299 388 4359 Quor
406 4301 435 4350 ob
454 4317 494 4351 rea
512 4317 569 4352 cum
586 4301 733 4368 nuperrime
750 4301 885 4367 scriptores
897 4303 997 4367 aliquot
1010 4319 1041 4352 en
1053 4303 1108 4369 situ
1117 4303 1241 4366 pulvereo
1252 4308 1338 4352 erutor

92 4385 257 4436 correxeram
281 4386 328 4435 tibi
351 4402 392 4436 eor
414 4388 576 4451 potissimum
595 4388 712 4439 dedicavi
728 4396 752 4439 44
769 4390 815 4440 rub
835 4396 879 4440 tuo
897 4389 1070 4455 nrmenparim
1087 4388 1190 4438 nominc
1207 4388 1339 4452 impresso-

92 4473 165 4523 ribus
184 4475 341 4539 euuiqandor
359 4475 434 4526 dedi:
453 4511 459 4524 .
480 4511 486 4524 .
504 4512 510 4524 .
529 4511 535 4524 .
554 4473 652 4540 Aqmen
671 4476 743 4527 ducit
763 4475 918 4528 Censorinus
935 4511 941 4526 .
959 4512 966 4527 .
984 4512 990 4528 .
1008 4493 1017 4527 .·
1036 4475 1156 4528 Secundo
1175 4477 1229 4527 loco
1248 4481 1284 4526 ert
1296 4474 1339 4526 04-
